2287 3085
153 203 249 258 28>
408 207 425 217 “

153 361 354 414 „abunde
366 350 624 410 foetffieant‚
637 352 841 410 pluribus
862 355 1113 400 declaratur
1132 358 1356 403 eventibus·
1411 356 1625 402 Arborum
1640 358 1752 403 em'm
1771 362 1933 404 multae
1949 362 2054 405 'dum
2078 378 2151 409 σου,

150 434 296 488 „piose
319 431 504 471 tulerunt
525 436 773 469 exarescant
793 427 1154 484 fructificatione,
1182 433 1260 488 nist
1286 434 1451 488 corpori
1472 434 1723 476 alimentum
1740 436 2001 476 remanserit.
2053 435 2151 478 An-j
2211 453 2213 455 ¹

149 506 275 556 „nais
297 504 424 546 etiam
442 501 556 542 idem
576 501 715 542 evenit
730 508 778 542 ut
797 502 1084 558 leguminibus
1102 514 1142 547 et
1149 506 1382 559 frumentis
1399 514 1438 548 et
1466 508 1642 567 reliquis
1660 506 1951 563 hujuscemodi
1961 523 1974 547 .·
2009 507 2149 549 cibum

149 577 296 627 „enim
313 590 474 618 omnem
494 574 540 615 in
556 588 698 617 semen
714 582 1020 624 ,consumanw‘
1039 579 1109 632 (de
1128 579 1234 620 Gen.
1255 580 1329 621 111.
1352 581 1406 630 1.)

1075 745 1114 802 §-
1169 743 1235 785 43.

328 835 394 875 De
419 836 512 877 loco
531 836 639 875 unde
660 836 903 891 proveniat,⁴
929 837 1074 877 eodem
1098 851 1226 891 porro
1249 850 1293 876 se
1318 837 1441 878 habet
1465 838 1588 878 modo
1606 845 1913 881 excrementum
1929 837 2094 894 plantae
2111 843 2151 878 et

147 909 347 952 animalis.
400 909 563 949 Pariter
580 910 623 949 in
641 917 816 965 utroque
833 926 981 965 genere
997 926 1135 953 semen
1152 924 1205 951 ex
1225 918 1311 952 toto
1329 927 1359 950 s.
1379 913 1569 953 omnibus
1590 915 1778 968 partibus
1808 928 1892 954 non
1916 913 2156 966 provenirej

128 987 287 1025 'contra
311 982 607 1035 Empedoclem
631 991 776 1024 auctor
802 985 940 1034 docet,
968 986 1037 1024 sed
1064 999 1115 1025 ex
1148 984 1318 1037 singulis
1344 999 1420 1038 per
1439 999 1502 1023 se:
1542 986 1612 1037 (de
1629 986 1734 1025 Gen.
1755 986 1787 1025 Ῑ,
1811 984 1886 1037 18.)
1905 1000 2039 1035 „nam
2056 984 2154 1040 ple-

149 1072 330 1112 „rasque
355 1063 496 1110 partes
530 1062 606 1095 aut
628 1055 767 1096 illae“
791 1058 977 1109 (plantae
1003 1057 1231 1106 interdum)
1257 1072 1370 1105 „non
1399 1057 1576 1107 habent,
1608 1065 1683 1096 aut
1708 1058 1883 1112 quisque
1907 1058 2154 1097 abscindere

151 1133 439 1183 „Potest,*aat
457 1126 716 1178 postgenita-s
747 1125 914 1163 habent.
972 1127 1218 1174 Quinetiam
1238 1139 1290 1163 ex
1305 1128 1521 1177 fructibus
1544 1128 1640 1182 ipsts
1658 1128 1769 1165 nillil
1784 1128 1962 1176 secedit,
2014 1137 2153 1169 tamen

150 1202 219 1251 „ii
237 1212 397 1253 quoque
420 1195 573 1248 forma
609 1194 759 1233 eadem
788 1195 1058 1247 proveniunt.
1089 1198 1136 1243 (1.
1158 1196 1210 1244 c.)
1279 1196 1422 1241 „Item
1439 1209 1548 1247 quae
1573 1195 1785 1248 avulsione
1801 1204 1998 1235 seruntur
2013 1212 2153 1238 semen

149 1270 379 1326 ,‚afferwzt,
392 1282 491 1322 ergo
512 1274 550 1306 et
559 1266 816 1320 priusquam
829 1265 980 1305 avulsa
995 1272 1244 1313 sererentur,
1256 1279 1308 1304 ex
1325 1265 1473 1304 eadem
1490 1265 1558 1303 sui
1576 1265 1873 1319 magnitudine
1876 1265 2154 1322 laetificasse,

148 1359 261 1397 „non
278 1357 331 1385 ex
350 1348 438 1383 tota
455 1339 612 1397 planta
632 1337 907 1379 destrinctum
922 1352 1062 1384 semen
1080 1338 1222 1378 tulisse
1242 1345 1402 1379 certum
1421 1344 1492 1380 est.
1532 1338 1630 1391 “(de
1647 1338 1752 1380 Gen.
1771 1352 1836 1380 an.
1854 1340 1889 1380 Ι.
1912 1342 1995 1391 18.)

1071 1502 1107 1553 §.
1161 1501 1225 1553 49.

339 1598 659 1636 Excrementum
689 1605 787 1632 vero
814 1593 1010 1631 seminale
1037 1592 1296 1644 plantarum,
1326 1590 1514 1645 quamvis
1542 1596 1603 1631 tot
1626 1598 1728 1645 quot
1750 1592 1969 1633 retulimus
1996 1596 2153 1634 conve:

149 1669 328 1711 nientiae
353 1669 440 1720 ejus
468 1681 564 1707 cum
588 1672 849 1707 excremento
872 1665 1062 1704 seminali
1085 1665 1329 1704 animalium
1356 1665 1491 1704 tradat
1531 1672 1693 1719 auctor,
1741 1672 1880 1705 tamen
1914 1666 2153 1719 neutiquam

149 1757 243 1784 cum
265 1743 339 1783 illo
357 1739 590 1781 confudisse
604 1769 615 1790 ,
636 1747 678 1779 et
703 1752 833 1779 unum
850 1738 1041 1790 idemque
1058 1745 1203 1777 natura
1219 1752 1386 1791 prorsus
1403 1738 1588 1778 habuisse
1606 1736 1782 1778 videtur.
1817 1739 2058 1779 plantarum
2076 1754 2153 1781 ex·-

146 1823 405 1855 crementum
431 1827 463 1851 s.
489 1826 629 1852 semen
653 1826 726 1851 sua
752 1810 995 1865 procreandi
1023 1818 1062 1849 et
1087 1810 1281 1863 gignendi
1310 1810 1504 1850 facultate
1531 1809 1755 1849 admodum
1781 1811 1981 1851 limitibus
1996 1812 2154 1851 circum

143 1890 341 1941 scriptum
361 1901 464 1933 esse,
494 1886 695 1924 haesitans
712 1884 826 1934 quasi
842 1884 886 1921 in
904 1881 1212 1933 comparatione
1231 1894 1326 1918 cum
1346 1882 1502 1919 semine
1524 1882 1788 1927 animalium,
1816 1890 1993 1920 enarrat.
2022 1898 2156 1930 „nam

143 1974 229 2011 „ex
254 1973 337 1998 uno
361 1956 518 1996 semine
543 1956 709 1993 unum“
727 1953 862 2002 inquit
878 1951 1105 2003 „gignitur
1134 1963 1295 2001 corpus,
1318 1957 1363 1987 ut
1384 1965 1436 1986 ex
1452 1965 1534 1987 uno
1554 1965 1630 1987 ονο
1650 1964 1781 1988 unum
1802 1952 1988 2001 animal,
2012 1956 2158 2008 gemi-r

145 2048 280 2085 „num
300 2029 414 2071 enim
432 2041 561 2068 ovum
580 2025 662 2063 cluo
682 2031 739 2063 est
756 2025 887 2064 ova-‘⁸‘
939 2023 999 2061 At
1024 2022 1068 2060 in
1086 2021 1332 2060 animalibus
1349 2020 1512 2074 „plura
1529 2020 1740 2060 animalia
1756 2035 1809 2060 ex
1826 2022 1972 2061 eodem
1997 2025 2153 2066 senu'ne

147 2105 303 2162 „gigni
349 2106 545 2157 Possunt,
601 2097 756 2152 quasi
799 2102 999 2136 natura
1045 2091 1316 2147 differat“
1371 2093 1441 2144 (de
1477 2092 1582 2131 Gen.
1626 2092 1659 2131 Ι.
1694 2094 1793 2144 20.)
1871 2109 1924 2134 sc.
1965 2110 2154 2148 sperma-

147 2179 200 2217 tis
225 2178 288 2215 vis
314 2173 528 2215 indefinita
554 2168 754 2222 genitrix,
801 2181 825 2206 a
845 2167 1010 2205 seminis
1035 2168 1270 2218 plantarum
1287 2165 1331 2203 vi
1350 2165 1632 2203 determinata.
1689 2165 1849 2204 Deinde
1879 2180 2037 2220 quoque
2068 2183 2152 2210 non

147 2249 257 2303 fugit
295 2244 566 2300 Aristotelem
618 2254 756 2280 semen
801 2240 1037 2293 plantarum
1074 2239 1211 2292 ipsum
1259 2237 1440 2277 fructum
1485 2251 1579 2276 esse.
1668 2238 1850 2285 „Semen
1894 2246 1933 2278 et
1978 2238 2152 2292 fruetus

148 2324 291 2372 „inter
317 2333 360 2357 se
389 2312 727 2367 (tantummodo)
755 2311 958 2366 differunt
977 2311 1140 2365 prioris
1161 2309 1460 2367 poeteriorisve
1486 2308 1668 2348 ratione:
1701 2308 1871 2364 fructas
1905 2310 2016 2351 enim
2041 2304 2155 2369 qaod

152 2412 233 2447 „ex
264 2394 352 2435 alio
385 2399 467 2438 est,
511 2403 650 2430 semen
683 2402 737 2427 ex
767 2401 848 2441 qao
880 2385 1005 2425 aliud
1013 2404 1025 2425 .·
1064 2400 1167 2426 nam
1197 2385 1309 2424 alias
1340 2383 1461 2423 ambo
1494 2383 1608 2423 idem
1638 2388 1775 2424 sunt.“
1817 2386 1886 2437 (de
1903 2386 2007 2425 Gen.
2025 2386 2151 2434 I.18.)

156 2468 276 2518 Quod
293 2465 462 2519 quidem
479 2459 641 2500 etiamsi
658 2472 735 2512 pro
754 2457 986 2497 differentia
1003 2458 1171 2497 seminis
1189 2455 1426 2511 vegetabilis
1437 2456 1488 2494 ab
1507 2455 1676 2496 animali
1692 2471 1773 2497 non
1793 2458 1977 2498 attulerit
1993 2456 2152 2500 disertis

154 2541 312 2588 verbis,
338 2549 480 2579 tamen
503 2550 588 2576 esse
613 2532 903 2581 differentiam,
932 2540 1144 2573 auctorem
1168 2531 1246 2570 sibi
1271 2544 1509 2583 persuasum
1541 2530 1747 2580 habuisse,
1790 2532 1879 2590 quis
1913 2533 2149 2584 negaverit?

156 2612 306 2651 Semen
323 2611 506 2650 animalis
526 2609 681 2649 fructus
699 2620 781 2646 non
803 2612 883 2655 est,
913 2619 1010 2644 nam
1030 2619 1080 2646 ex
1098 2604 1254 2645 semine
1274 2602 1443 2652 fructus7
1471 2603 1558 2642 sive
1579 2602 1728 2646 foetus:
1756 2603 1991 2656 plantarum
2010 2618 2149 2647 semen

156 2685 304 2727 saltem
320 2682 501 2735 potentia
515 2682 645 2724 foetus
653 2710 671 2736 ἢ
698 2681 765 2723 vel
782 2679 916 2731 foetus
933 2680 1020 2736 ipse
1040 2687 1111 2720 est.
1167 2677 1248 2718 Sed
1264 2677 1314 2717 de
1341 2677 1403 2717 his
1430 2675 1555 2723 iufra.
