2287 3085
173 175 209 225 2

172 333 308 383 jorem
343 323 697 377 cu1·am*'1=ecipere
723 322 967 372 neutiquam
996 323 1202 375 potuisse,'
1254 331 1475 379 propterea
1501 326 1610 379 quod
1635 326 1726 368 luce
1752 326 1826 366 illa
1852 342 1876 367 e
1901 318 2020 372 stella
2044 330 2183 386 p'olari

175 405 213 443 ei
240 402 453 454 affulgente
479 409 633 437 novum
656 395 924 436 Aristotelem
948 395 1185 436 Linnaeum
1209 406 1444 451 acceperat,
1509 399 1622 451 cujus
1652 400 1872 441 sententiae
1907 404 2181 456 utplurimum

173 476 253 517 illis
270 473 484 526 Stagiritae
510 486 532 510 e
559 470 756 510 diametro
783 466 1006 522 oppositae,
1032 470 1119 510 imo
1147 472 1327 511 veriores
1352 472 1578 524 meliusque
1602 474 1760 526 positae
1786 475 2037 516 viderentur·
2085 478 2179 516 Nea-⁴

172 561 248 600 que
274 560 368 586 cum
394 545 710 586 novissimorum
737 541 911 593 denique
935 549 1174 597 temporum
1201 544 1370 584 eruditis
1396 551 1457 584 tot
1481 557 1685 585 novarum
1711 560 1852 587 rerum
1879 547 2183 598 botanicamm,¹

172 618 282 660 felici
318 618 431 672 quasi
463 616 593 657 sidere
631 621 834 655 aunuente
845 643 860 662 ,
900 614 1031 654 indies
1058 615 1311 657 detectarum
1334 617 1467 658 studio
1494 618 1650 658 obrutis
1677 619 1787 659 haud
1812 621 1942 673 magis
1970 621 2182 665 Aristote-'¹

170 693 228 731 les
259 691 371 730 cordi
412 703 494 727 esse
521 688 731 735 debuerit,
782 687 1042 726 diffitendum
1073 697 1153 736 est,
1208 690 1522 729 Aristotelicam
1549 690 1790 728 Botanicam
1818 692 1929 744 (solis
1957 693 2027 740 iis,
2083 706 2181 744 quas

178 763 259 803 viri
290 761 458 814 quidam
486 769 656 801 naturae
681 760 841 814 pariter
867 774 914 799 ac
936 760 1143 800 solidioris
1171 760 1381 802 doctrinae
1406 762 1534 816 probe
1547 760 1717 810 imbuti,
1746 761 1999 802 doctissimus
2016 763 2182 815 quidem

174 835 222 875 C.
249 835 448 889 Sprengel
463 836 501 880 Ἴ
544 842 584 873 et
616 835 650 873 J.
688 833 740 872 G.
777 833 1002 873 Schneider
1017 835 1078 884 **)
1115 834 1178 873 illi
1226 848 1360 888 nuper
1400 834 1598 876 dederunt
1630 835 1739 875 curis
1774 835 1971 888 exceptis)
2007 836 2207 888 haedumv

183 921 347 961 prorsus
374 907 598 958 neglectam
624 906 807 958 jacuisse.

349 980 561 1020 Renovata
587 993 685 1019 vero
712 980 885 1020 verioris
899 978 1188 1019 Aristotelicae
1216 978 1434 1019 doctrinae
1449 981 1498 1018 de
1524 982 1675 1032 plantis
1702 983 1902 1033 expositio
1917 997 2025 1022 nunc
2041 982 2183 1021 maxi-·

171 1067 238 1092 me
269 1053 313 1092 in
342 1052 447 1091 votis
474 1066 556 1090 esse
582 1052 771 1098 videtur,
825 1066 919 1090 cum
944 1052 989 1091 in
1011 1051 1235 1091 Botanicae
1260 1051 1395 1090 studio
1422 1052 1497 1089 sub
1526 1059 1638 1090 tanta
1665 1053 1902 1103 plantarum
1929 1055 2187 1107 cognitarum

171 1123 541 1178 cognoscendarum
583 1124 692 1162 mole
734 1123 1021 1174 ingemiscente
1033 1114 1060 1167 ,V
1085 1118 1130 1158 in
1157 1116 1340 1159 veterem
1365 1120 1583 1159 Botanicae
1619 1122 1926 1174 simplicitatem
1971 1137 2053 1162 non
2096 1124 2184 1162 sine

176 1198 306 1247 animi
334 1196 560 1235 afflictione
595 1202 635 1232 et
669 1194 869 1232 desiderio
904 1194 1195 1244 respiciamus,
1249 1206 1341 1230 cum
1367 1206 1495 1243 porro
1522 1193 1565 1231 in
1591 1194 1712 1232 rebus
1747 1196 1963 1246 plantariis
1990 1196 2179 1248 philoso-

178 1270 309 1325 phicis
336 1268 388 1307 ad
415 1267 642 1306 terminum
671 1266 875 1320 quendam
902 1264 1230 1319 pervenerimus,
1265 1277 1345 1317 quo
1371 1264 1549 1302 multum
1575 1265 1786 1317 prodesset
1812 1273 1951 1306 nostra
1980 1281 2076 1307 cum
2102 1282 2181 1310 an.-

177 1342 299 1394 tiquis
326 1341 460 1380 denuo
488 1353 750 1393 comparare:
807 1352 979 1391 cumque
1016 1337 1191 1389 denique
1218 1336 1267 1375 de
1293 1337 1471 1379 themate
1497 1337 1675 1389 quodam
1702 1338 1916 1389 botanico,
1963 1340 2015 1379 ad
2042 1340 2186 1381 sexum

178 1416 418 1468 plantarum
444 1420 649 1466 spectante
684 1425 816 1465 nuper
841 1418 1062 1470 renovatae
1097 1410 1188 1449 lites
1227 1423 1273 1447 ea
1306 1409 1393 1462 jam
1426 1417 1611 1462 repetere
1643 1411 1811 1462 jubeant
1825 1440 1835 1460 ‚
1889 1425 1992 1466 quae
2027 1419 2182 1452 veteres

175 1494 297 1539 atque
324 1486 514 1538 inprimis
534 1486 777 1525 Aristoteles
805 1485 854 1524 de
881 1485 956 1524 hac
970 1497 1014 1523 re
1032 1483 1266 1523 statuerintt
1294 1481 1535 1534 Coryphaeo
1552 1482 1729 1534 quodam
1743 1484 1862 1536 hujus
1876 1484 1975 1526 belli
1994 1485 2183 1525 hortante

171 1559 374 1599 maxime:
400 1558 574 1611 „pri-sea
598 1556 781 1611 beneque
806 1557 996 1596 stabilita
1022 1571 1101 1595 non
1130 1563 1282 1595 temere
1308 1569 1392 1593 esse
1419 1553 1681 1606 abjicienda,
1708 1558 1829 1599 novis
1859 1565 2004 1599 contra
2022 1558 2181 1611 potisz'-

171 1635 359 1683 '„sim-um
368 1629 591 1684 facilitate
610 1628 879 1685 placentibus
915 1644 998 1668 esse
1025 1626 1440 1683 ‹l{fficlenclutrz.“***)
1509 1627 1771 1681 Quapropter
1813 1628 1899 1681 jam
1943 1643 2011 1676 ca,
2080 1643 2181 1681 quae

174 1706 416 1757 Aristoteles
442 1704 493 1742 de
519 1704 756 1757 plantarum
783 1702 1045 1756 generatione
1072 1701 1236 1746 attulit,
1268 1701 1443 1740 maximi
1469 1701 1669 1739 momenti
1694 1693 1933 1753 [tnnmaque
1956 1703 2178 1742 attentIOne

176 1778 300 1831 digna
324 1785 443 1824 sunt,
473 1777 626 1829 quippe
652 1775 752 1828 quid
772 1775 982 1827 antiquius
1009 1775 1058 1816 iis
1085 1775 1137 1813 sit
1162 1774 1207 1814 in
1233 1787 1278 1812 re
1305 1773 1493 1816 botanica
1517 1773 1675 1821 nescio,
1703 1773 1902 1830 valdeque
1930 1775 2096 1823 dubito,
2125 1789 2178 1815 au

174 1850 284 1901 male
311 1850 392 1889 sint
419 1848 583 1887 condita
611 1848 808 1898 novisque
834 1847 1126 1898 postponenda.

363 1919 481 1968 Quae
509 1932 603 1956 cum
631 1915 933 1968 quodammodo
961 1913 1014 1949 ad
1038 1911 1202 1950 consilii
1229 1912 1536 1951 excusationem
1562 1913 1747 1950 sufficere
1763 1917 1993 1960 videantur,
2019 1927 2180 1967 propo*

173 1996 300 2035 situm
329 1992 388 2032 ita
414 1988 557 2042 pe1agi
583 2000 700 2040 posse
727 1984 979 2038 optaverim,
1011 1954 1071 2020 sut
1097 1981 1283 2020 omnibus
1311 1995 1333 2019 e
1358 1981 1517 2034 scriptis
1545 1981 1779 2021 Aristotelis
1812 1984 1997 2035 genuinis
2045 2000 2173 2041 vege·

174 2065 366 2106 tabilium
398 2061 661 2102 mentionem
699 2057 940 2097 facientibus
967 2054 1200 2107 compositis
1236 2061 1276 2091 et
1305 2053 1484 2099 collatis,
1538 2061 1579 2092 et
1603 2054 1856 2106 singularum
1883 2059 2175 2101 sententiarum

175 2139 371 2179 continua
399 2135 518 2182 sel-je,
547 2134 638 2187 ipsa
663 2131 750 2184 jam
776 2137 862 2171 tota
889 2129 975 2182 ejus
1001 2129 1120 2173 vitae,
1138 2134 1178 2166 et
1204 2125 1473 2179 generationis
1500 2126 1734 2179 plantarum
1760 2127 1939 2178 theoria,
1967 2132 2079 2171 nulla
2107 2133 2176 2173 iu·-

178 2214 350 2264 ιεη-Θεῑῖι
377 2206 720 2260 interpretatione
758 2206 948 2243 eluceret.
1005 2202 1203 2241 Attamen
1234 2212 1325 2237 cum
1360 2206 1451 2250 post
1476 2198 1852 2238 Aooorambonium
1877 2203 2000 2242 talem
2023 2205 2177 2245 doctri-

178 2299 255 2325 nae
271 2282 494 2336 stagiritae
521 2280 784 2325 collationem
810 2277 897 2328 jam
922 2274 1161 2329 Sprengelio
1188 2279 1228 2312 et
1238 2271 1484 2322 Schneidero
1511 2269 1741 2326 debeamus,
1767 2286 1813 2313 ea
1839 2275 1926 2327 ipsa
1949 2276 2079 2327 edocti
2102 2292 2175 2324 sug·

262 2531 299 2572 Ἰ“)
321 2533 363 2564 K.
386 2531 545 2574 Sprengel
569 2528 766 2563 Geschichte
790 2528 823 2563 d.
850 2528 927 2563 1302.
954 2529 979 2562 Ι.
1004 2538 1038 2569 p.
1064 2525 1118 2558 45.

263 2596 313 2634 ’ὙἼ
337 2595 553 2634 Theophrasti
578 2597 667 2636 Opp.
692 2593 742 2624 ed.
767 2594 795 2624 J.
820 2594 860 2626 G.
887 2593 1068 2626 Schneider
1091 2593 1187 2624 Tom.
1210 2588 1252 2624 V.

261 2660 328 2701 ¹⁸7
350 2661 385 2690 L.
408 2659 446 2692 C.
469 2660 667 2692 Trevitanus
690 2658 755 2694 Die
777 2657 888 2692 Lehre
909 2668 985 2692 vom
1007 2654 1227 2690 Geschlechte
1250 2654 1309 2687 der
1330 2652 1486 2686 Pssannen
1508 2651 1721 2684 etam-omen
1748 2657 1842 2689 1822.
1863 2662 1895 2694 p.
1922 2651 1997 2688 146.
