2287 3085
150 208 230 263 42

152 370 412 414 secundariae
437 362 672 422 dignitatis),
715 363 1024 415 quodammodo
1053 365 1273 421 denegata3
1303 380 1478 419 quacum
1505 370 1540 409 si
1567 380 1704 410 sensus
1731 375 2015 428 conjungitur,
2061 375 2158 420 ani-T

144 445 234 499 „mal
261 439 432 480 omnino
458 436 659 487 subsistit,
677 442 680 446 ’
701 436 745 475 in
777 450 907 491 quam
943 452 1044 481 vero
1080 441 1114 480 si
1140 441 1300 494 penitus
1344 444 1632 494 praetermisso
1659 428 1777 483 sensu
1805 446 1912 493 abit,
1968 450 2012 487 in
2039 449 2155 487 dete-

148 516 305 555 riorem
340 511 453 564 quasi
489 517 610 562 atque
648 523 671 547 a
707 510 881 565 propria
913 503 1137 554 substantia
1172 515 1348 554 alienam
1381 515 1661 556 conditionem
1697 517 1968 557 transferatur
1994 533 2153 560 necesse

150 595 220 627 est.
279 587 475 626 Attamen
502 583 730 624 vivendum
759 591 819 622 est
846 591 886 622 et
912 586 1086 625 animali
1112 602 1247 634 „ream
1273 588 1361 626 sine
1385 587 1591 627 nutritive
1616 604 1699 633 non
1725 597 1784 630 est
1808 603 1969 638 sensus,
2000 571 2152 643 qaamss

149 660 245 710 „vis
280 674 308 698 a
341 655 546 697 nutritivo
582 655 626 694 in
653 655 819 715 plantis
849 658 1018 702 omnino
1052 660 1296 701 sensitivam
1328 660 1596 716 separabile“
1649 662 1791 712 (Conf'.
1822 664 1871 701 de
1900 665 1981 702 An.
2016 665 2063 701 Π.
2097 663 2152 715 3.)

151 743 226 784 „et
256 732 369 786 quod
408 732 527 769 vivat
558 730 727 767 animal
757 730 890 768 etiam
935 745 1097 772 necesse
1137 739 1177 771 et
1208 731 1346 787 fungi
1385 732 1562 772 viventis
1598 748 1769 772 munere
1816 748 1919 789 opus
1957 735 2041 774 εἰει(
2086 731 2156 785 (de

150 806 254 845 Gen.
283 803 314 841 Ι
347 802 432 852 25.)
487 801 674 855 Cumque
701 803 914 856 generatio
942 803 1046 846 actio
1082 804 1191 843 vitae
1223 805 1376 862 plantis
1409 806 1606 858 pr'itnatie
1633 820 1763 860 p10p1
1768 807 1802 844 ia
1829 807 1902 853 sit,
1931 808 1998 845 vel
2026 803 2149 845 exunt

135 886 307 927 ‚tantum
341 875 517 915 animali
548 882 716 923 natura,
774 876 915 916 induta
950 890 1049 915 vero
1078 889 1151 927 ve„
1131 875 1320 924 oetabili,
1376 878 1599 930 generandi
1624 866 1811 932 tempore
1848 879 1964 931 quod
1960 879 2151 917 vnmodo

145 953 306 1006 plantas
332 948 424 988 fieri
451 948 648 987 animalia
675 948 818 987 datum
846 957 917 986 est.
972 950 1084 991 Hinc
1117 949 1153 994 si
1187 950 1493 1001 generationem
1540 951 1784 991 animalium
1812 950 2001 988 desc11b1t
2032 951 2176 988 {ris--

144 1024 302 1071 toteles,
332 1034 474 1059 omnes
503 1019 590 1058 fele
608 1020 858 1059 disciiminis
885 1027 1014 1068 notas,
1044 1020 1190 1075 quibus
1214 1021 1520 1075 generationem
1540 1021 1812 1066 annimalium
1841 1038 1864 1062 a
1890 1024 2154 1076 generatione

144 1099 309 1151 plautai
312 1109 383 1133 um
418 1094 603 1144 alioquin
640 1101 725 1130 tam
751 1094 880 1149 probe
916 1094 1126 1132 distinxer
1127 1101 1157 1132 tt
1166 1122 1177 1142 ,
1231 1094 1360 1163 (quod
1403 1094 1506 1133 bene
1542 1095 1781 1143 notandum,
1812 1110 1838 1147 q
1849 1110 1873 1134 u
1883 1110 1907 1134 a
1918 1104 1964 1145 te
1976 1111 2019 1134 11·
2015 1112 2036 1135 1
2047 1111 2065 1134 s
2093 1109 2116 1133 a
2127 1093 2154 1133 b

150 1168 285 1209 anim
294 1164 361 1203 ’11”
354 1178 366 1202 1
393 1177 541 1202 sexus
570 1162 626 1199 ch
638 1174 692 1200 ar
703 1175 724 1199 a
735 1168 873 1200 ctere
898 1175 926 1214 p
937 1175 995 1201 en
1007 1163 1032 1201 d
1044 1176 1102 1201 cn
1110 1165 1147 1211 t)
1180 1163 1267 1217 ipse
1291 1175 1343 1219 pi
1345 1155 1458 1202 orsus
1486 1154 1693 1213 removet,
1747 1167 1957 1224 totamque
1989 1163 2156 1220 genesin

147 1239 371 1281 animalem
398 1248 492 1275 cum
520 1231 738 1290 vegetabili
766 1226 936 1275 confert·

1048 1357 1087 1406 ς.
1144 1368 1206 1407 71.

336 1449 509 1491 Confert
535 1457 672 1512 autem
698 1450 1004 1503 ‘generationem
1031 1451 1275 1490 animalium
1302 1457 1388 1488 tam
1413 1457 1601 1488 accurate
1631 1461 1725 1487 cum
1743 1439 1980 1500 plantarum
2002 1449 2153 1488 fructi-

153 1527 369 1572 ficatione,
405 1531 453 1562 ut
478 1537 530 1562 ne
555 1516 686 1562 unum
708 1522 873 1579 quidem
898 1523 1020 1574 hujus
1049 1530 1305 1562 momentum
1329 1522 1418 1573 sine
1445 1520 1750 1572 comparatione
1768 1535 1863 1560 eum
1889 1521 2152 1574 conceptione

150 1600 322 1642 animali
356 1604 542 1642 maneat,
595 1594 821 1644 modusque
852 1594 1128 1647 generationis
1165 1601 1255 1631 utut
1297 1593 1335 1630 ei
1372 1592 1481 1630 visus
1509 1599 1589 1639 est,
1624 1594 1862 1644 plantarum
1902 1594 2033 1631 omnis
2075 1594 2152 1632 hac

146 1670 453 1726 comparatione
487 1667 668 1718 undique
700 1672 851 1719 pateat.
916 1665 1076 1705 Tamen
1113 1679 1210 1704 vero
1246 1665 1306 1722 in-
1324 1665 1475 1719 plantis
1502 1664 1858 1704 Germiuationem
1894 1679 1976 1705 non
2002 1666 2098 1705 satis
2125 1680 2151 1706 a

147 1743 477 1787 Fructificatione
517 1739 734 1792 distinguit
777 1747 817 1777 et
851 1746 1068 1790 utramque
1101 1753 1183 1776 una
1225 1727 1317 1776 cuin
1354 1737 1616 1790 generatione
1659 1737 1988 1789 comprehendit,
2041 1738 2153 1790 quod

146 1819 331 1861 maxime
363 1812 667 1868 respiciendum
701 1819 761 1853 est
807 1812 890 1850 illis
925 1811 994 1862 qui
1029 1810 1242 1849 nobiscum
1277 1810 1326 1848 de
1355 1810 1406 1848 iis
1441 1809 1752 1856 dubitaverunt,
1790 1823 1966 1860 quorum
1994 1812 2149 1849 mentio

146 1893 185 1943 §.
214 1893 278 1930 51
309 1889 416 1927 sacta
444 1894 514 1923 est.
571 1885 678 1923 Cum
703 1884 903 1922 nimirum
932 1884 1070 1920 omnia
1099 1895 1201 1933 quae
1227 1888 1321 1918 sunt
1354 1888 1396 1916 et
1436 1880 1538 1916 fiunt
1574 1880 1792 1917 Aristoteli
1819 1881 1934 1931 prius
1961 1882 2149 1931 potentia.

149 1963 317 2009 adsunt,
346 1972 467 2011 quam
498 1956 550 1994 ad
576 1962 715 1993 actum
741 1955 1007 2005 perveniant,
1037 1953 1158 1990 datm·
1185 1952 1229 1989 111
1256 1950 1500 1989 animalium
1527 1950 1683 2000 pariter
1710 1957 1830 2001 atque
1858 1965 1899 1989 111
1913 1952 2151 2002 ΡΙαηωιωη

146 2032 415 2090 generatione
442 2033 713 2072 momentum,
742 2038 822 2077 quo
851 2024 917 2063 vel
943 2023 1127 2078 potentia
1154 2004 1314 2060 tantum
1340 2019 1435 2066 fiat,
1466 2018 1575 2071 quod
1600 2032 1700 2057 vero
1729 2018 1939 2060 ‹liVersum
1966 2019 2053 2063 esse
2075 2023 2152 2068 <le-¹

143 2110 214 2148 bet
238 2121 317 2160 pro
345 2104 509 2144 diversa
534 2099 779 2139 animalium
806 2105 847 2135 et
873 2098 1111 2150 plantarum
1140 2102 1301 2143 natum.
1357 2092 1580 2130 Generatio
1622 2091 1733 2129 enim
1772 2092 2015 2130 animalium
2055 2107 2148 2133 cum

150 2180 304 2220 reditus
327 2177 380 2216 sit
405 2175 450 2215 in
480 2171 758 2213 conditionem
784 2170 891 2208 vitae
920 2169 1180 2221 vegetabilis,
1234 2166 1354 2206 initio
1395 2164 1494 2202 dum
1520 2145 1703 2215 potentia
1730 2160 1816 2213 fit,
1820 2165 1953 2204 minus
1979 2180 2079 2218 prae
2104 2180 2151 2204 se

149 2252 261 2297 ferie
284 2249 462 2303 speciem
488 2244 758 2298 vegetabilem
785 2242 993 2294 magisque
1020 2242 1152 2281 adhuc
1178 2239 1402 2278 animalem
1428 2249 1511 2274 esse
1537 2242 1662 2288 patet.
1715 2235 2033 2277 Generationem
2047 2252 2149 2278 con-
2200 2237 2205 2244 “

146 2335 213 2366 tra
238 2324 479 2377 plantarum
507 2319 607 2358 dum
631 2317 812 2376 potentia
840 2315 905 2363 fit,
934 2315 1054 2354 initio
1082 2312 1269 2352 nondum
1296 2310 1436 2354 statim
1467 2322 1552 2347 esse
1582 2308 1869 2360 vegetabilem,
1905 2325 2034 2362 neque
2062 2319 2149 2350 tum

147 2411 281 2453 1p51m
307 2394 470 2449 penitus
498 2390 806 2445 generationem
833 2401 913 2427 esse
941 2386 1170 2434 dicendam,
1200 2383 1312 2425 haud
1339 2382 1467 2422 secius
1505 2382 1648 2421 elucet.
1701 2381 1988 2422 Geneiationis
2014 2391 2151 2422 autem

152 2470 337 2525 potentia
364 2466 553 2513 nutritio,
582 2463 819 2502 nutritionis
846 2460 935 2500 finis
962 2468 1083 2511 atque
1110 2465 1234 2505 actus,
1262 2456 1468 2509 geneiatio
1496 2461 1575 2493 est.
1604 2468 1699 2506 ergo
1717 2454 1761 2494 in
1785 2455 1936 2507 plantis
1961 2454 2051 2492 dari
2075 2467 2151 2507 ge·-

154 2543 409 2583 nerationem
444 2537 607 2592 penitus
642 2534 916 2581 nutritivam,
971 2546 1050 2585 qua
1085 2531 1154 2571 vel
1186 2527 1405 2583 generandi
1443 2527 1648 2582 principit
1674 2533 1949 2567 excernuntur
1975 2539 2025 2565 ex
2050 2525 2150 2571 uni-j

154 2617 304 2656 xersau
330 2628 432 2667 quae
458 2612 625 2666 plantae
655 2611 757 2649 inest
781 2622 901 2648 sexus
929 2607 1116 2655 miscela,
1145 2616 1304 2644 necesse
1330 2610 1409 2641 est:
1446 2609 1486 2641 et
1512 2601 1612 2641 haec
1645 2600 1811 2652 quidem
1837 2598 2052 2639 A1ist0teli
2078 2612 2148 2637 re-

152 2700 248 2727 rum
276 2685 451 2725 conditio
477 2684 564 2725 sine
593 2682 718 2723 dubio
744 2679 1046 2737 FructificatiO,
1074 2679 1314 2732 plantarum
1342 2675 1508 2715 seminis
1534 2670 1757 2715 maturatio
1784 2677 1823 2710 et
1849 2659 2048 2733 confectio
2074 2676 2148 2720 est,
