2287 3085
66 140 106 176 Ε

112 200 214 258 -56

120 350 419 401 'Aristotelem
405 353 591 396 mv'enias
615 355 855 409 perducta}
873 368 980 410 quae
995 356 1130 396 obiter
1153 362 1311 396 tantum
1338 355 1392 395 ab
1418 355 1738 398 antecessoribus
1763 366 1872 403 tacta
1898 368 1939 403 et
1964 356 2129 404 divina,-

124 424 236 472 tione
262 429 441 483 quadam
467 430 599 483 magis
624 429 825 482 inspirata
852 440 995 484 quam
1004 430 1258 484 experientia
1286 428 1554 504 comprobata
1577 430 1828 486 habeantur,
1842 433 2009 491 ingenii
2033 451 2132 479 acu..

121 516 226 547 men
251 504 298 546 in
323 502 513 545 butanica
538 502 625 556 ejus
650 498 869 557 disciplina
895 518 980 546 non
1005 503 1260 551 infitiaberis.

308 659 349 711 α)
376 659 536 700 Animo
562 659 731 713 quidem
754 661 1056 715 philosophico,
1085 675 1166 714 quo
1191 662 1349 715 plantas
1376 661 1549 702 intuitus
1585 670 1646 703 est
1670 663 1916 706 Aristoteles
1933 654 2132 731 'profiriiu

118 731 245 773 fuisse
270 732 444 772 videtur
467 733 523 783 is,
566 746 690 786 quem
717 747 807 788 cap.
834 735 868 774 Ι.
904 735 949 774 in
987 734 1186 789 physicae
1213 735 1506 776 Aristotelicae
1541 734 1758 778 universae
1786 738 2019 780 charactere
2041 739 2132 793 jam

119 806 443 855 observavimus,
482 807 657 845 interior
683 809 965 862 experientiae
991 823 1085 848 usus
1113 808 1157 847 in
1184 808 1273 861 ipsa
1300 809 1571 862 philosophia.
1657 810 1795 863 Quam
1831 819 1971 851 tamen
2005 823 2136 866 expe-
2174 860 2176 863 Ι

116 879 335 928 rientiam,
371 879 517 919 saltem
545 878 684 931 quoad
711 880 872 932 plantas
881 910 896 930 ,
938 880 1156 921 Aristoteli
1196 882 1290 934 plus
1316 895 1442 933 quam
1476 883 1727 925 mediocrem
1754 884 1900 933 fuisse,
1940 886 2133 938 equidem

117 965 202 993 non
228 948 535 1000 contenderim,
563 948 659 1002 (etsi
684 953 847 1005 plenius
871 954 1074 1006 judicium
1100 952 1381 993 deficientibus
1408 954 1530 994 libris
1547 956 1603 994 de
1622 957 1776 1010 'plantis
1801 971 1886 1014 non
1911 956 2128 997 ferendum

116 1026 186 1078 sit)
212 1026 249 1066 'si
278 1039 327 1065 ea
356 1039 460 1078 quae
495 1025 541 1077 in
568 1025 846 1079 Theophrasti
873 1027 991 1067 libris
1019 1027 1219 1067 botanicis
1254 1027 1317 1078 (in
1342 1027 1488 1080 quibus
1515 1029 1657 1069 omnia
1692 1030 1780 1068 sine
1807 1030 1933 1070 dubio
1960 1031 2130 1071 Aristo·-

102 1099 210 1140 >telis
229 1098 382 1153 placita
401 1098 575 1139 collecta
599 1090 712 1150 sunt)
746 1100 1021 1147 continentur,
1047 1099 1215 1153 spectes.
1268 1100 1304 1139 E
1332 1102 1540 1141 contrario
1568 1103 1796 1142 verisimile
1822 1111 1903 1152 est,
1931 1105 1974 1143 in
1998 1105 2128 1150 Rotar-

117 1170 212 1211 nica
240 1169 476 1209 Aristotelis
499 1166 808 1219 philosophiam
834 1168 1162 1215 rationalemque
1178 1167 1418 1217 plantarum
1458 1167 1832 1210 considerationem
1858 1173 1980 1213 valde
2003 1187 2129 1226 prae-

119 1241 311 1291 valuisse,
339 1239 626 1290 theoriamque
654 1237 984 1277 observationem
1008 1236 1131 1289 longe
1149 1246 1378 1288 superasse.

306 1380 351 1431 5)
395 1379 553 1419 Genius
588 1378 804 1418 botanicae
836 1378 1073 1419 Aristotelis
1110 1374 1399 1430 philosophiae·
1432 1378 1629 1419 realismo
1654 1373 1923 1420 intellectuali
1950 1382 2015 1432 (ut
2043 1394 2130 1421 uuo

115 1453 275 1500 verbo,
326 1453 424 1493 licet
461 1452 639 1492 barbaro
673 1453 828 1503 dicam)
868 1452 1116 1503 designatur.
1197 1449 1353 1490 Videas
1379 1459 1578 1502 quantum
1612 1451 1829 1492 Aristoteli
1857 1455 1996 1493 onmia
2023 1468 2126 1505 quae

103 1525 164 1567 -in
179 1533 327 1565 natura
352 1526 595 1578 plantarum
622 1525 712 1578 ipsa
738 1529 1004 1577 peraguntur,
1031 1521 1203 1560 summis
1229 1521 1464 1560 notionibus
1498 1523 1791 1574 metaphysicis
1826 1525 2125 1576 adaequentur!

119 1598 483 1650 Quemadmodum
508 1596 620 1634 enim
644 1596 688 1634 in
716 1595 853 1648 prima
878 1592 1140 1646 philosophia
1163 1592 1298 1631 omnis
1318 1592 1533 1633 existentia
1559 1602 1893 1645 repraesentatur
1908 1604 1949 1637 et
1959 1598 2123 1652 cogita-

115 1678 218 1718 tur,
234 1670 293 1709 ita
311 1670 357 1709 in
374 1669 518 1726 planta
542 1668 630 1722 ipsa
655 1667 796 1707 omnia
821 1667 963 1719 utique
988 1680 1031 1705 se
1055 1666 1207 1705 habere
1232 1666 1437 1706 dicuutur.
1492 1666 1670 1707 Materia
1687 1675 1727 1708 et
1746 1667 1882 1710 forma
1898 1671 2123 1713 seeundum

117 1758 257 1785 causas
287 1743 511 1782 efficientes
541 1749 583 1781 et
616 1741 779 1790 finales,
821 1740 1028 1779 mediante
1053 1739 1286 1792 privatione
1318 1740 1362 1779 in
1385 1740 1654 1796 substantiam
1681 1741 1871 1782 coeuntes
1897 1744 2049 1796 ubique
2078 1741 2123 1785 in

114 1799 258 1872 planta
284 1825 483 1869 tanquam
509 1829 671 1854 summa
698 1814 904 1868 principia
931 1812 1093 1866 agentia
1118 1813 1311 1866 physica,
1350 1825 1478 1865 aeque
1512 1819 1558 1852 ut
1592 1813 1636 1853 in
1662 1813 1873 1856 intellectu
1907 1816 1998 1869 ipso
2026 1824 2122 1858 tan-

116 1904 242 1945 quam
267 1902 430 1930 summa
455 1889 664 1943 principia
691 1886 972 1940 metaphysica
999 1884 1220 1925 constituta
1246 1891 1354 1925 sunt.
1410 1884 1644 1924 Secundum
1667 1887 1896 1939 potentiam
1918 1896 1963 1928 et
1977 1896 2123 1929 *aetum

115 1963 258 2004 omnia
271 1963 315 2002 in
329 1962 567 2014 plantarum
593 1967 743 2001 natura
769 1959 974 2007 accidunt,
1001 1972 1128 2009 aeque
1147 1964 1194 1997 ut
1211 1958 1256 1998 in
1268 1958 1460 1996 universa
1474 1957 1623 2006 mentis
1636 1966 1796 2023 natura.
1833 1961 2025 2010 Regnum
2043 1976 2125 2002 na...

117 2044 238 2077 turae
264 2032 529 2087 inorganicae
556 2031 795 2087 vegetabilis
820 2029 1029 2084 potentia,
1055 2036 1251 2080 tanquam
1277 2025 1453 2067 materia
1478 2027 1586 2079 ejust
1613 2027 1786 2066 materia
1813 2029 1999 2081 plantae,
2027 2031 2123 2071 for-

113 2119 210 2152 mae
233 2108 365 2163 ipsius
389 2106 595 2162 potentia:
648 2104 786 2145 anima
813 2104 1051 2157 plantarum
1079 2101 1195 2155 quasi
1220 2101 1387 2142 animae.
1409 2101 1593 2154 potentia
1622 2101 1821 2154 (respectu
1846 2103 2003 2143 scilicet
2024 2105 2120 2144 ani-

115 2195 211 2224 mae
236 2180 429 2223 animalis
456 2193 560 2234 quae
586 2177 726 2219 anima
759 2183 852 2216 actu
880 2177 958 2228 est)
999 2174 1187 2216 habetur.
1266 2173 1456 2215 Nutritio
1481 2175 1714 2228 plantarum
1740 2175 2012 2228 generationis
2038 2188 2141 2231 po—v

112 2256 265 2296 tentia:
318 2255 488 2306 vitaque
519 2252 654 2292 omnis
685 2251 923 2303 plantarum
956 2249 1066 2290 vitae
1093 2254 1135 2288 et
1168 2261 1308 2287 sensus
1341 2246 1585 2288 animalium
1625 2250 1809 2302 potentia
1845 2249 2119 2301 existimatur,

114 2328 272 2370 animal
298 2326 479 2378 denique
504 2325 641 2377 ipsum
666 2329 861 2374 tanquam
894 2323 1100 2362 humanae
1132 2327 1308 2360 naturae
1340 2321 1522 2374 potentia
1548 2327 1902 2385 repraesentatur,
1934 2322 1992 2362 ita
2019 2323 2117 2374 qui-¹

114 2401 232 2450 dem,
273 2406 322 2439 ut
354 2396 491 2438 omnis
523 2402 674 2436 natura
709 2393 785 2434 sub
819 2394 961 2435 eadem
995 2392 1133 2435 forma
1159 2390 1354 2434 rationali
1379 2393 1546 2435 vinculo
1570 2389 1718 2435 mutuo
1742 2394 1958 2449 conjuncta
1984 2407 2117 2448 appa—

100 2482 204 2516 —reat
228 2472 347 2514 reali.
426 2470 761 2525 Ingeniosissima
794 2480 892 2508 sane
914 2468 1016 2508 haec
1039 2467 1292 2508 naturalium
1319 2482 1461 2508 rerum
1487 2469 1804 2521 contemplatio,
1841 2482 1921 2521 qua
1947 2475 2116 2521 vegeta-

113 2546 208 2589 bilis
233 2553 383 2588 natura
408 2550 563 2585 statum
591 2542 739 2597 accipit
771 2542 817 2583 in
850 2540 1046 2582 universa
1081 2546 1229 2581 natura
1262 2541 1421 2592 locum,
1464 2556 1544 2595 qua
1578 2541 1726 2582 deinde
1762 2541 1903 2581 omnia
1933 2542 2119 2595 phaeno—

105 2631 238 2666 ,mena
262 2615 460 2672 empirica
485 2613 682 2657 methodo
708 2613 870 2670 primae
901 2611 1186 2669 philosophiae
1212 2611 1415 2655 conformi
1441 2612 1722 2670 explicantur,
1774 2614 1921 2668 intima
1947 2614 2117 2659 Aristo-e

111 2693 258 2734 oelicae
289 2690 500 2732 doctrinae
529 2690 662 2741 ratio,
702 2689 980 2742 meritumque
1006 2687 1095 2741 ejus
1117 2701 1327 2730 summum
1352 2688 1403 2728 de
1428 2702 1476 2729 re
1501 2688 1693 2730 botaniea
1716 2701 1801 2728 esse
1826 2686 2006 2729 videtur.
