2287 3085
0 420 13 602 *naam-2⁴5*
2 389 13 413 Μ

0 2267 3 2288 »ν
0 2219 9 2258 τι...»
0 2192 8 2208 ιι
0 2094 9 2184 «ωτι-ιι,
0 2063 10 2083 ι-
1 2019 7 2023 «
0 1996 3 2003 -

1029 350 1067 401 ς.
1126 350 1189 389 5.·

275 428 502 479 „Socratis
528 441 627 470 vero
655 424 909 482 temporibus
920 426 951 447 “
985 429 1033 465 nt
1058 431 1199 463 narrat
1232 424 1475 464 Aristoteles
1508 422 1582 475 (de
1613 430 1721 477 part.
1749 436 1815 480 an.
1844 420 1920 474 V.)
1956 434 2100 479 „usus

79 502 267 559 ,qu-idem
294 499 527 553 deliniendi
554 500 734 543 increvit>
740 528 755 548 ,
799 496 876 539 sed
897 495 1136 553 ⁴indagatio
1174 508 1316 537 rerum
1353 496 1619 538 naturalium
1643 496 1793 543 desiit,
1841 508 1943 534 nam
1975 508 2099 534 omae

90 572 426 633 philosophandi
450 573 640 613 studium
671 571 733 611 acl
764 572 915 618 utilem
964 569 1166 611 virtutem
1186 596 1189 597 ν
1211 569 1459 625 civilemque
1505 583 1629 609 usam
1672 567 1946 609 translatum·
1987 572 2099 608 esc.“

92 648 396 691 Elaeaticorum
429 646 541 687 enim
573 644 914 701 philosophorum
954 642 1093 683 schola
1128 642 1230 685 olim
1266 642 1351 694 jam
1387 642 1436 682 de
1482 643 1562 683 fide
1598 642 1798 684 naturalis
1835 640 2095 694 cognitionis,

91 732 232 759 rerum
258 719 553 760 vicissitudines
579 732 656 773 pro
682 719 791 759 veris
816 715 1023 765 habentis,
1049 714 1170 759 valde
1196 714 1343 765 dubia,
1368 716 1533 757 tandem
1558 717 1683 757 missa
1707 714 1971 756 sensibilium
1996 726 2097 767 per-

90 793 335 833 scrutatione
370 792 416 831 in
448 792 738 840 Dialecticam,
774 804 917 845 rerum
953 789 1278 842 intelligibilium
1312 797 1462 839 artem,
1499 798 1706 843 postremo
1751 790 1797 828 in
1821 788 2098 841 sophisticam

91 865 341 912 transierat,
395 863 571 908 nefanda
602 864 839 916 eloquentia
879 862 1011 910 ‚omnis
1045 862 1237 904 scientiae
1256 861 1422 907 -fontem
1456 863 1716 916 objectivam‚
1744 869 1935 910 naturae,
1991 860 2097 908 veri,

91 937 255 977 virtutis
282 936 533 991 deorumque
561 938 819 980 existentiam
844 943 1157 990 pernegantem:
1213 950 1238 975 a
1264 949 1344 988 qua
1369 935 1525 976 infelici
1551 935 1834 989 philosophiae
1861 940 2098 973 commuta—

89 1008 201 1048 tione
221 1016 314 1048 ante
331 1008 470 1048 omnia
486 1017 666 1049 mentem
684 1023 892 1058 revocare,
921 1010 1097 1050 ethicam
1133 1009 1421 1048 conscientiam
1447 1010 1622 1055 salvare,
1651 1008 1836 1060 neglecta
1861 1007 1907 1046 in
1933 1013 2098 1059 tempus

90 1089 256 1131 natura,
311 1082 487 1121 Socratis
513 1083 655 1122 unicus
681 1083 800 1122 labor
813 1112 824 1129 ,
877 1083 1047 1121 unicum
1073 1081 1321 1123 desiderium
1354 1082 1447 1119 fuit.
1502 1082 1619 1118 Haec
1643 1088 1785 1118 tamen
1809 1079 2098 1133 philosophiae

90 1150 301 1191 conversio
337 1162 361 1187 a
395 1149 569 1202 Physica
599 1148 648 1191 ‘in
682 1148 954 1190 Dialecticam
986 1147 1297 1201 sophistarum,
1337 1149 1388 1187 ab
1425 1148 1501 1188 hac
1534 1149 1579 1188 in
1612 1148 1805 1189 Ethicam
1828 1147 2098 1191 fundamento

93 1221 336 1276 cognitionis
362 1222 426 1259 sui
452 1221 578 1274 ipsius
605 1221 811 1269 innixam,
855 1229 948 1274 post
979 1221 1189 1259 Socratem
1214 1220 1289 1258 sub
1316 1221 1507 1275 auspiciis
1533 1221 1619 1260 divi
1644 1221 1827 1261 Platonis
1853 1224 1996 1262 statim
2022 1224 2094 1263 in·

91 1309 208 1336 versa
235 1302 294 1335 est
310 1323 321 1343 ,
376 1293 608 1346 reditusque
643 1308 668 1333 a
702 1295 766 1334 sui
800 1294 926 1348 ipsius
961 1294 1015 1334 ad
1040 1294 1218 1349 aliarum
1242 1308 1384 1338 rernm
1410 1294 1718 1346 inquisitionem
1743 1304 1864 1348 atque
1891 1311 1916 1336 a
1942 1293 2091 1349 philo-

86 1365 230 1422 sophia
268 1365 321 1407 ad
353 1372 545 1407 naturam
571 1364 725 1416 denuo,
780 1366 967 1420 quamvis
1001 1365 1155 1408 frustra
1181 1366 1382 1421 quaesitus
1408 1373 1478 1407 est.
1534 1366 1652 1421 Quae
1678 1380 1798 1418 vero,
1827 1381 1925 1409 cum
1965 1382 1989 1407 e
2015 1367 2097 1408 So-

61 1441 261 1496 *phistica
287 1440 340 1479 ad
365 1442 589 1487 moralem,
644 1455 696 1480 ex
730 1441 877 1480 Ethica
911 1441 963 1479 ad
1008 1441 1328 1485 intellectualem
1371 1442 1458 1480 sive
1500 1442 1677 1482 idealem
1718 1449 1889 1481 naturae
1935 1442 2097 1480 abirent

87 1512 421 1567 denegationem,
466 1512 639 1553 ultimae
665 1510 753 1552 fere
779 1520 820 1553 et
845 1528 1030 1555 summae
1057 1513 1213 1567 ingenii
1247 1513 1419 1556 humani
1444 1513 1554 1568 apud
1580 1513 1761 1554 Graecos
1789 1513 1963 1568 denique
2000 1528 2096 1554 cum

88 1594 237 1626 natura
261 1587 349 1638 ipsa
375 1586 584 1633 luctantis,
624 1583 818 1627 dicendae
850 1594 945 1629 sunt
978 1587 1266 1627 contentiones.
1336 1587 1416 1625 Ab,
1433 1594 1605 1639 utraque
1629 1596 1748 1641 parte
1784 1588 1897 1628 enim
1922 1594 2094 1626 naturae

88 1658 271 1699 studium
297 1672 405 1698 nunc
431 1657 629 1710 frigebat:
657 1658 855 1708 Socratis,
885 1658 955 1712 qui
982 1658 1089 1699 nihil
1114 1673 1156 1698 se
1180 1658 1285 1699 scire
1311 1657 1601 1713 profitebatur,
1629 1659 1759 1712 deque
1777 1660 1929 1713 plantis
1954 1658 2099 1714 „quid

94 1730 264 1770 arbores
296 1745 363 1769 me
401 1729 578 1770 doceant
588 1731 644 1769 ?⁴‘
680 1730 859 1780 dicebat,
886 1731 1053 1783 jamque
1078 1731 1268 1772 Platonis.
1285 1732 1428 1784 ipsius,
1465 1732 1536 1784 qui
1562 1732 1638 1772 etsi
1663 1740 1856 1773 naturam
1881 1746 1967 1772 non
1993 1745 2097 1772 cou-

88 1809 314 1852 temneret,
354 1802 439 1843 iam
464 1803 733 1847 nihilominus
759 1804 802 1846 in
828 1805 998 1858 speculo
1025 1804 1311 1845 tantummodo
1338 1805 1526 1846 idearum
1551 1819 1839 1858 recognoscere
1864 1818 1982 1862 posse
2008 1802 2089 1843 sibi

88 1874 325 1918 videbatur,
371 1876 561 1922 haudque
586 1877 713 1908 secius
738 1876 911 1920 perinde
936 1887 985 1907 ac
1009 1877 1195 1908 Socrates
1227 1878 1541 1922 pronuntiabat,
1569 1885 1762 1914 naturam
1788 1889 1933 1925 resque
1959 1884 2085 1913 natu-

88 1944 194 1983 rales
219 1942 439 1995 primarios
464 1940 780 1991 haudquaquam
805 1940 979 1981 verioris
1004 1939 1136 1985 fontes
1162 1954 1246 1980 esse
1271 1942 1524 1995 cognitionis.
1579 1945 1659 1983 Sed
1685 1945 1943 1986 Graecorum
1968 1959 2086 1986 mens

90 2027 115 2053 a
139 2014 278 2066 prima
302 2010 448 2065 populi
474 2011 633 2063 origine
659 2017 831 2049 naturae
857 2001 1091 2052 fidelissime
1115 2011 1276 2062 dedita,
1306 2027 1401 2054 cum
1436 2014 1488 2069 aci
1521 2015 1630 2054 hunc
1663 2017 1912 2069 pervenisset
1944 2019 2092 2057 termi-

89 2100 213 2133 num,
238 2085 409 2138 jamjam
446 2083 496 2123 ab
531 2083 654 2125 insito
689 2083 809 2136 genio
845 2082 1062 2124 desciscere
1087 2084 1327 2136 videbatur,
1380 2087 1655 2142 ultimumque
1690 2089 1830 2142 utique
1866 2088 1980 2139 floris
2020 2091 2088 2134 sui

91 2156 300 2210 fastigium
332 2156 567 2210 respublica
592 2157 683 2212 ipsa
707 2155 889 2208 Platonis
914 2163 1099 2211 tempore
1125 2158 1329 2213 attigerat.

1034 2286 1070 2338 g.
1124 2285 1162 2324 4.

284 2376 379 2416 Hoc
405 2390 547 2418 rerum
572 2387 679 2420 statu
688 2388 705 2428 ‚'
756 2380 793 2421 si
818 2381 1027 2421 Socratem
1060 2387 1100 2418 et
1119 2368 1342 2431 Platonem
1376 2379 1526 2421 Graeci
1552 2382 1707 2437 ingenii
1738 2381 1882 2423 florem
1917 2380 2088 2434 dixeris,

104 2447 351 2491 'Aristoteles
378 2450 446 2490 vir
471 2466 676 2502 summus,
713 2454 826 2506 quasi
852 2454 1007 2495 fructus
1032 2452 1260 2509 graecitatis
1285 2455 1599 2508 pretiosissimus
1632 2457 1816 2504 emersit,
1854 2461 1977 2508 atque
2002 2462 2098 2509 post

92 2527 263 2575 naturae
297 2524 424 2564 studii
457 2525 661 2579 duplicem
697 2527 782 2566 fere
818 2527 1050 2577 interitum,
1103 2527 1294 2567 scientiae
1329 2530 1526 2570 naturalis
1573 2530 1800 2577 restitutor,
1855 2527 2084 2581 empti-icae

93 2600 256 2643 auctor,
296 2599 507 2640 rationalis
534 2599 803 2649 reformator,
848 2596 1070 2641 'Botanices
1103 2614 1202 2641 vero
1238 2602 1426 2654 inprimis
1462 2604 1596 2643 cultor
1628 2602 1794 2642 exstitit.
1880 2601 1967 2654 Qui
1993 2615 2090 2643 cum

88 2666 244 2721 argiori
268 2667 505 2721 plantarum
533 2674 743 2728 autopsia,
780 2673 865 2716 imo
902 2674 1196 2729 experimentis
1223 2682 1263 2714 et
1289 2674 1643 2718 observationibus
1668 2675 2020 2718 Rhizotomomm
2045 2683 2085 2715 et
