2287 3085
114 215 2047 267 —--——-—-—------·-·:=-·--·--·-··········-···

980 1036 1122 1106 Cap.
1196 1037 1240 1090 Ι.

393 1184 485 1249 De
522 1182 833 1232 Botariica
874 1198 1021 1231 ante
1059 1185 1461 1232 Aristotelem
1493 1186 1555 1229 in
1582 1200 1826 1247 genere.

1983 1261 2038 1284 Ι*

1054 1329 1092 1382 §-
1151 1340 1187 1369 1.

99 1384 247 1468 Ante
272 1425 505 1468 Alexandri
539 1431 729 1480 tempora
761 1423 1004 1466 Botanicam
1038 1425 1298 1481 disciplinam
1333 1430 1566 1479 separatam
1609 1422 1776 1478 jamque
1801 1423 1883 1465 suis
1907 1423 2111 1470 limitibus

100 1515 128 1542 a
153 1501 323 1554 reliquis
357 1501 582 1555 disciplinis
617 1499 968 1553 circumscriptam
1004 1498 1151 1550 fuisse,
1181 1500 1256 1541 vix
1293 1497 1513 1539 dicendum
1539 1505 1625 1548 est3
1653 1499 1728 1539 etsi
1753 1499 1896 1553 negari
1920 1507 2108 1553 nequeat,

99 1573 361 1621 Graecorum
386 1581 569 1613 mentem
595 1572 648 1612 ab
677 1573 969 1626 antiquissimis
994 1574 1082 1626 jam
1107 1572 1365 1626 temporibus
1390 1573 1443 1612 ad
1468 1574 1706 1625 plantarum
1733 1572 1915 1613 studium
1941 1580 1983 1612 et
2009 1587 2110 1613 con-

100 1647 412 1700 templationem
450 1646 574 1687 fuisse
600 1646 904 1699 quodammodo
949 1660 1202 1688 conversam.
1284 1643 1560 1685 scientificum
1603 1644 1716 1684 enim
1751 1644 1826 1685 vix
1861 1659 1910 1685 ac
1948 1659 2002 1686 ne
2035 1646 2111 1687 vix

99 1720 282 1778 quidem.
297 1721 507 1773 appellare
534 1720 644 1758 licet·
658 1720 702 1759 id
728 1720 1023 1773 vegetabilium
1048 1720 1254 1765 studium,
1302 1717 1411 1770 quod
1437 1717 1539 1755 olim
1566 1717 1712 1769 religio
1740 1717 2000 1757 Graecorum
2037 1732 2110 1757 ar-

99 1799 240 1847 tesque
271 1793 336 1834 illi
362 1794 510 1835 intime
534 1794 720 1847 junctae,
747 1794 906 1848 magica
933 1794 1157 1843 nimirum,
1210 1791 1414 1833 medicina
1434 1788 1650 1845 >poesisque
1676 1788 1756 1829 sibi
1779 1789 2110 1831 vindicaverant:

102 1875 208 1914 quae
234 1876 329 1900 cum
355 1876 496 1899 omnes
520 1867 681 1913 plantas
706 1866 849 1898 nimbo
884 1866 1064 1911 quodam
1090 1865 1318 1898 &vinitatis
1343 1863 1581 1905 induerent,
1617 1874 1891 1910 arcanamque
1916 1870 2110 1901 natm-am

98 1935 184 1974 illis
216 1933 468 1978 tribuerent,
522 1931 819 1969 accuratiorem
862 1942 1008 1968 earum
1060 1930 1337 1983 cognitionem
1374 1929 1663 1978 excludebant,
1715 1930 1801 1969 imo
1843 1932 2106 1986 respuebant.

101 2006 404 2047 Verumtamen
439 2003 635 2044 sanctiori
686 2003 811 2043 hocce
844 2002 1083 2056 plantarum
1117 2002 1527 2057 contemplandarum
1554 2016 1723 2057 genere,
1775 2017 1993 2046 numerum
2017 2008 2109 2048 sin-

101 2079 298 2133 gulorum
323 2076 619 2132 vegetabilium
644 2077 714 2118 vel
739 2076 908 2117 omnino
934 2083 1130 2119 notorum
1154 2076 1370 2130 insigniter
1395 2084 1562 2118 auctum
1587 2090 1671 2117 esse
1697 2084 1855 2119 certum
1880 2085 1959 2125 est2
1994 2078 2108 2120 Poe-

96 2152 186 2195 ‚tica
222 2151 418 2191 videlicet
449 2150 709 2192 Graecorum
752 2150 899 2204 religio
925 2164 951 2190 a
977 2151 1254 2204 Tragicorum
1286 2150 1542 2204 temporibus
1575 2151 1705 2205 magis
1740 2152 1930 2200 exculta‚'
1973 2154 2108 2194 multo

100 2225 240 2278 plures
265 2224 310 2263 in
333 2238 544 2265 sacrarum
569 2238 791 2265 numerum
816 2224 971 2278 recepit
994 2225 1174 2278 plantas,
1229 2236 1353 2276 quam
1379 2225 1466 2264 ulla
1493 2225 1757 2278 antiquorum
1782 2225 1879 2274 alia,
1907 2225 2105 2266 innume-

101 2310 249 2349 rasque
274 2304 367 2351 post
390 2297 618 2338 Pindarum
634 2297 908 2351 Allegoristae
934 2297 1094 2351 plantas
1118 2295 1270 2337 fabulis
1298 2298 1488 2347 coluere,
1545 2298 1769 2351 divinoque
1802 2305 1903 2351 typo
1928 2311 2111 2339 exorna-

107 2383 221 2411 vere.
271 2370 481 2411 Medicina
507 2370 654 2412 deinde
686 2372 773 2425 jam
817 2386 843 2412 a
877 2371 1159 2414 remotissimis
1194 2371 1452 2425 temporibus
1493 2370 1786 2425 vegetabilibus
1823 2369 1876 2410 ad
1908 2371 2112 2413 sanandos

101 2444 272 2493 morbos
296 2443 479 2484 maxime
503 2458 600 2494 usa,
655 2460 735 2498 quo
770 2447 902 2501 magis
935 2441 1272 2495 extendebatur,⁴
1302 2460 1353 2486 eo
1386 2446 1517 2498 magis
1543 2445 1721 2499 impulsa
1745 2451 1852 2493 erat,
1904 2451 1961 2498 ug
1978 2458 2107 2499 quam

98 2501 302 2572 plurimas
326 2526 585 2573 cognosceret
610 2520 791 2573 plantas·
817 2520 1063 2574 praesertim
1088 2533 1182 2560 cum
1215 2519 1355 2560 schola
1395 2518 1518 2561 Cnidi
1544 2517 1694 2559 florens
1709 2516 1890 2574 singulis
1913 2503 2109 2575 sfiupto-

105 2588 284 2632 :natibus
306 2592 469 2646 singula
494 2592 677 2647 remedia
702 2593 948 2648 vegetabilia
973 2593 1283 2634 accommodare
1315 2589 1509 2632 studeret.
1562 2591 1773 2645 Ma'gicae
1788 2590 1971 2646 denique
2004 2600 2111 2634 arbes

102 2661 225 2717 longe
263 2661 351 2715 jam
381 2673 475 2706 ante
509 2667 744 2709 Homerum
785 2668 969 2721 cognitae
989 2666 1161 2709 .medico
1198 2666 1435 2720 plantarum
1471 2664 1605 2706 studio
1639 2663 1877 2721 Pythagora
1920 2667 2112 2720 inprimis

1783 2775 1804 2798 ἰ
