2287 3085
2089 184 2125 242 3

139 362 255 404 mus,
289 353 410 395 finem
444 352 528 402 rei,
580 349 819 393 Aristotelii
839 349 1017 404 'plenium
1050 348 1302 399 intellectum
1343 346 1452 390 nuda
1487 345 1689 403 ejusmodi
1714 342 1966 387 'collectione
1988 345 2130 407 nerlu-³

135 442 259 482 quam
285 442 367 468 esse
393 426 697 479 assequendum.
744 425 975 466 cohaerere
1001 424 1167 479 quidem
1191 424 1381 465 videntur
1394 422 1716 478 fragmentariae
1736 420 1960 461 sententiae
1974 417 2129 460 laxiori

136 501 206 541 filo
235 502 423 553 deinceps
462 501 654 552 alligatae
687 502 731 539 in
767 499 1152 550 collectionibusque
1179 506 1355 537 exstant:
1409 512 1542 550 neque
1566 505 1705 536 tamen
1731 510 1754 534 e
1781 494 2022 534 cohaesione
2048 506 2128 532 ex·-

132 580 251 613 terna
279 574 451 612 interior
477 586 619 611 carum
646 574 738 611 cum
764 571 1023 626 philosophia
1047 570 1312 610 'Aristotelica
1338 584 1563 619 connexus,
1613 583 1745 623 neque
1769 566 1959 607 omnium
1984 566 2128 617 singu-

133 647 270 687 larum
300 646 478 685 rationes
506 653 545 684 et
571 647 773 699 principia
800 661 850 687 ex
878 645 975 697 ipsis
1002 659 1076 697 per
1101 659 1143 683 se
1167 628 1326 697 patent,
1356 645 1560 696 plurimae
1584 658 1648 683 res
1675 644 1743 682 vel
1770 642 1906 680 obiter
1932 639 2129 678 obscure-

137 729 215 770 que
244 717 533 769 indigitantur,
560 731 635 756 nec
661 731 803 756 caium
830 718 1385 769 consectaria'exponuntnr,
1410 724 1449 755 et
1460 721 1579 769 Saepe
1595 730 1648 755 ne
1664 715 1838 766 verbulo
1857 711 2026 765 quidem
2053 715 2131 748 ex*

135 791 364 842 plicantur:
392 790 486 828 hinc
512 790 593 828 alia
619 791 716 842 quid
742 790 977 829 sibi'vcliut
1000 791 1044 830 in
1071 789 1195 829 dubio
1220 789 1525 840 relinquuntur,
1557 777 1639 828 alia
1665 789 1787 828 tertio
1812 782 2132 839 comparationis

123 860 347 900 *deficiente
385 862 626 914 conjecturis
659 870 821 901 tantum>
853 843 1009 913 assequi
1043 862 1151 901 licet.
1182 861 1249 900 De
1274 854 1353 913 qua
1378 861 1611 900 Aristotelis
1635 861 1881 899 obscuritate
1902 870 2000 897 cum
2018 869 2129 894 non·

132 934 237 972 nulli
263 934 349 986 jam
378 936 418 973 in
447 936 638 974 continua
666 936 750 987 ejus
777 935 963 973 oratione
981 934 1089 972 haud
1116 934 1325 973 immerito
1360 941 1679 986 conquerantur,
1707 933 1749 972 id
1776 934 1819 972 in
1846 930 2061 983 discerptis
2088 934 2128 966 et:

133 1005 266 1045 denuo
293 1008 487 1058 rejunctis
515 1009 634 1060 hujus
661 1008 856 1045 orationis
890 1007 1074 1045 frustulis
1108 1007 1292 1045 accidere
1319 1020 1401 1045 non
1435 1007 1672 1045 mirandum
1720 1014 1791 1044 est.
1858 1004 1919 1043 Ut
1955 1001 2128 1041 interius

131 1078 259 1130 igitur
286 1078 612 1128 fragmentorum
640 1087 814 1127 systema
840 1079 1135 1126 adipiscamur,
1154 1080 1336 1117 maxime
1363 1080 1635 1117 necessarium
1661 1087 1874 1130 putamus,
1899 1074 2131 1129 suppletio-

131 1160 227 1189 nem
256 1146 462 1199 quandam
487 1154 527 1186 et
552 1146 935 1200 interpretationem
960 1146 1168 1194 adhiberi,
1197 1147 1273 1187 etsi
1298 1161 1381 1187 non
1407 1149 1638 1202 negandum
1665 1149 1741 1196 sit,
1776 1148 1950 1187 arduam
1979 1147 2021 1186 id
2047 1158 2129 1184 esse

131 1216 597 1275 periculosissimamque
623 1233 733 1258 rem:
761 1232 854 1258 cum
878 1217 1001 1257 facile
1026 1218 1241 1268 acciderit,
1270 1228 1315 1259 ut
1340 1222 1497 1261 auctori
1525 1222 1773 1269 tribuamus,
1814 1220 1858 1259 id
1885 1219 1995 1272 quod
2020 1233 2133 1259 nun-

133 1308 257 1347 quam
284 1295 327 1334 in
350 1291 531 1333 ‘mentem
561 1293 599 1332 ei
628 1292 806 1342 venerit,
849 1298 920 1331 aut
943 1291 1039 1331 satis
1072 1299 1329 1344 perspectum
1355 1294 1442 1347 ipse
1480 1309 1562 1335 non
1589 1293 1791 1334 habuerit.
1845 1292 1985 1345 Quam
2011 1291 2129 1332 diffi-

132 1367 324 1406 cultatem
342 1374 388 1406 ut
415 1366 724 1414 imminuerem,
776 1366 896 1418 plura
923 1377 974 1404 ex
1001 1364 1257 1417 physiologia
1282 1366 1527 1407 animalium
1553 1367 1818 1408 Aristotelica
1844 1365 2021 1414 adduxi,
2047 1366 2129 1405 bo-

132 1439 362 1479 tanicarum
388 1453 529 1479 rerum
555 1453 655 1479 vero
682 1438 809 1478 sciens
843 1438 1003 1477 nullam
1029 1437 1171 1485 omisi,
1199 1451 1278 1490 quo
1305 1439 1620 1492 locupletiorem
1645 1440 1928 1480 botanicarum
1957 1439 2128 1479 Aristo-

122 1514 224 1565 telis
242 1513 536 1553 sententiarum
563 1512 706 1552 lectori
732 1512 995 1564 complexum
1019 1510 1274 1564 praeberem.
1331 1513 1495 1566 Lingua
1533 1527 1632 1553 vero
1660 1521 1832 1553 naturae
1855 1519 2130 1554 scrutatorum

133 1586 380 1633 vernacula,
429 1597 501 1623 ore
528 1583 693 1636 quidem
720 1591 765 1623 ut
787 1583 1016 1637 plurimum
1044 1583 1203 1631 Gazae,
1258 1584 1325 1623 vel
1350 1585 1450 1624 Julii
1476 1586 1613 1634 Pacii,
1660 1587 1728 1627 vel
1753 1586 1788 1626 J.
1818 1586 1864 1625 C.
1892 1584 2131 1625 Schneideri

131 1657 399 1698 Aristotelem
432 1657 559 1699 latine
586 1658 821 1710 loquentem
846 1655 1015 1704 induxi,
1069 1656 1278 1697 botanicus
1303 1657 1514 1709 botanieis,
1542 1672 1625 1699 non
1650 1659 1882 1714 philologus
1907 1658 2131 1714 philologis

130 1730 340 1772 scribens.-
998 1728 1003 1734 ⁴

318 1804 424 1844 Cum
450 1806 537 1858 jam
565 1806 617 1846 de
642 1805 817 1846 materia
843 1813 883 1845 et
908 1804 1045 1845 forma
1072 1806 1256 1860 opusculi
1294 1804 1619 1862 satis'ffisperque
1654 1807 1916 1856 tradiderim,
1962 1806 2132 1847 Aristo-

128 1876 220 1914 telis
254 1888 372 1912 more
408 1879 532 1912 etiam
568 1879 619 1910 de
656 1887 775 1911 causa
809 1879 895 1923 ejus
929 1877 1132 1911 efficiente
1169 1885 1210 1912 et
1246 1880 1360 1914 finali
1400 1882 1556 1927 aliquid
1601 1882 1751 1916 addere
1791 1883 1926 1916 liceat.
1981 1879 2133 1928 Quoad

127 1944 335 1999 priorem,
389 1943 553 1981 lectoris
587 1943 708 1981 venia
746 1942 851 1981 mihi
891 1955 1014 1992 quam
1047 1943 1228 1983 maxime
1272 1946 1449 1997 petenda
1487 1955 1566 1995 est,
1612 1948 1882 1989 festinationis
1927 1950 2130 2002 quaedam

129 2016 301 2069 vestigia
349 2014 394 2054 in
434 2013 586 2054 libello*
621 2011 791 2054 fortasse
823 2005 1072 2067 'reperientis
1086 2043 1097 2063 ,
1153 2015 1223 2069 qui
1268 2018 1407 2059 audiat
1444 2033 1512 2060 me
1546 2020 1658 2073 jussu
1695 2021 1944 2063 Academiae
1974 2023 2130 2064 summi

128 2087 404 2128 Moderatoris
436 2094 483 2126 ut
516 2087 596 2126 hoc
630 2087 719 2141 ipso
757 2099 864 2127 anno
899 2100 975 2140 pro
1011 2088 1102 2127 loco
1138 2088 1399 2140 dissererem,
1455 2095 1735 2147 compulsum,
1788 2095 1903 2134 brevi
1930 2096 2130 2149 temporis

128 2161 260 2213 spatio
287 2161 396 2201 hunc
423 2161 678 2201 conscribere
712 2168 897 2202 coactum
931 2159 1076 2211 fuisse3
1130 2176 1261 2215 neque
1287 2164 1332 2205 in
1357 2166 1656 2208 hebdomadem
1682 2182 1833 2208 nonam
1859 2169 2048 2221 quidem,
2075 2183 2129 2210 ne

128 2231 263 2274 dicam
301 2247 456 2274 nonum
492 2246 681 2287 premere
700 2233 759 2276 'in
795 2247 948 2274 annum
993 2234 1183 2289 potuisse.
1263 2236 1424 2279 Vemm
1460 2240 1525 2281 cui
1561 2241 1670 2282 bono
1707 2250 1747 2283 et
1780 2255 1901 2295 quem
1927 2242 1979 2282 ad
2004 2244 2129 2284 finem

129 2306 369 2359 opusculum
379 2335 394 2354 ,
423 2306 531 2359 quod
558 2308 650 2347 aliis
678 2306 813 2371 forsan
841 2321 987 2361 anceps
1000 2307 1026 2356 ,“
1039 2308 1130 2347 aliis
1153 2322 1503 2362 supervacaneum
1528 2314 1662 2353 videri
1688 2315 1830 2368 possit,
1865 2316 2127 2369 susceperim,

129 2378 435 2433 quaerentibus,
489 2387 535 2418 ut
561 2381 755 2421 historiae
780 2381 1062 2435 philosophiae
1087 2382 1299 2422 botanicae
1332 2386 1514 2439 aliquem
1539 2386 1721 2426 fluctum
1754 2387 1945 2426 afferrem
1958 2416 1970 2437 ,
1997 2377 2130 2429 serius

128 2452 393 2505 respondebo.
452 2452 595 2503 Quum
620 2455 813 2494 videlicet
837 2455 1032 2494 historiae
1056 2455 1290 2506 botanicae,
1344 2473 1468 2511 quam
1505 2469 1654 2499 vocant
1678 2461 1975 2513 pragmaticae,
2023 2476 2129 2516 pro-

129 2523 266 2565 blema
292 2526 440 2566 nostris
465 2528 721 2579 temporibus
746 2542 771 2567 a
795 2535 914 2581 parte
940 2521 1035 2580 ejus*
1054 2530 1258 2571 materiali
1284 2538 1369 2571 tam
1395 2534 1556 2586 egregie
1591 2547 1715 2587 opera
1741 2534 1792 2573 cl.
1821 2532 1870 2574 C.
1897 2535 2129 2591 Sprengelii

129 2597 309 2637 solutum
334 2600 407 2648 sit,
462 2606 508 2639 ut
543 2600 711 2641 omnino
747 2600 792 2641 in
827 2601 905 2640 hac
930 2602 1181 2655 acquiescere
1207 2604 1368 2652 liceret,
1398 2604 1543 2658 hisque
1567 2604 1725 2659 aliquid
1749 2605 1904 2648 addere
1929 2609 2038 2649 velle
2063 2617 2127 2649 te-

68 2674 72 2678 ”
129 2669 359 2712 mem-ium
383 2672 516 2715 videri
540 2681 695 2729 posset,
748 2674 810 2717 nil
834 2675 1037 2731 superfuit
1068 2675 1148 2726 nisi
1173 2683 1218 2718 ut
1243 2689 1296 2726 εις
1330 2675 1500 2718 formali
1531 2685 1649 2733 parte
1673 2679 1962 2724 botanicamm
1986 2697 2130 2725 rerum

1544 2734 1626 2797 1*
