2287 3085
832 933 1385 1017 Prooemium.

102 1316 309 1401 Mirum
337 1357 546 1400 nonnullis
571 1355 743 1417 fortasse
768 1356 1004 1408 videbitur,
1030 1358 1179 1399 nostris
1207 1357 1374 1397 demum
1402 1356 1544 1396 diebus
1571 1356 1842 1397 Aristotelem
1868 1356 2115 1411 disputatio·

95 1437 162 1477 nis
190 1450 262 1476 nos
289 1439 577 1489 argumentum
602 1432 756 1482 fecisse,
784 1432 937 1486 quippe
962 1445 1039 1485 per
1062 1432 1185 1485 plura
1211 1431 1371 1471 saecula
1399 1431 1532 1470 omnis
1560 1431 1801 1471 eruditionis
1828 1434 2035 1487 magister,
2055 1435 2111 1476 ad

97 1509 281 1550 taedium
316 1506 403 1547 fere
439 1507 687 1554 illustratus,
743 1505 890 1545 deinde
928 1506 1118 1559 explosus
1155 1512 1196 1545 et
1228 1504 1450 1554 refutatus,
1479 1504 1681 1544 oblivioni
1715 1504 1890 1559 denique
1915 1507 2106 1560 traditus,

94 1584 219 1622 nullis
245 1584 421 1634 amplius
448 1579 696 1620 doctioribus
722 1579 939 1619 materiem
966 1578 1314 1631 disquisitionibus
1338 1579 1539 1632 praebere
1563 1592 1679 1631 posse
1714 1578 1915 1620 videatur.
1975 1581 2101 1634 Quod

54 1654 57 1657 ’
96 1654 173 1693 etsi
187 1653 237 1692 de
259 1654 428 1693 caeteris
471 1653 683 1701 omnibus,
710 1652 948 1705 neutiquam
975 1652 1026 1690 de
1052 1651 1239 1691 doctrina
1265 1651 1352 1703 ejus
1392 1651 1580 1690 butanica
1620 1653 1956 1700 concesserimus,
2011 1668 2108 1694 cum

108 1728 150 1779 1)
171 1727 534 1767 animadvenimus
547 1727 664 1767 libris
680 1726 767 1780 ejus
780 1726 870 1779 (qui
884 1733 1168 1766 memorantur
1182 1726 1232 1766 de
1251 1725 1361 1765 Hist.
1389 1725 1473 1766 An.
1500 1724 1556 1765 V.
1577 1738 1611 1764 ι.
1641 1725 1742 1765 item
1768 1726 1877 1779 apud
1891 1726 2114 1767 Laertium

92 1809 135 1842 et
159 1802 440 1852 Athenaeum)
466 1801 653 1855 genuinis
679 1801 729 1840 de
754 1802 991 1854 plantarum
1017 1808 1165 1840 natura
1191 1800 1425 1853 deperditis,
1478 1812 1563 1839 non
1597 1800 1732 1838 solum
1766 1800 1883 1839 nobis
1916 1800 1986 1840 sed
2021 1801 2120 1854 ipsiu

93 1872 262 1912 Graecis
295 1874 587 1923 posterioribus
623 1882 755 1906 totum
788 1873 1077 1906 Aristotelia-w
1114 1874 1326 1907 doetrinae
1371 1871 1584 1909 botanicae
1616 1871 1712 1909 fatis
1771 1856 1856 1908 esse
1901 1882 2118 1923 ereptum3

98 1944 139 1994 2)
168 1942 385 1994 pessimam
413 1939 560 1977 deinde
586 1950 689 1988 quae
723 1939 765 1975 in
791 1936 979 1989 hybridis
1004 1949 1029 1974 a
1055 1935 1162 1989 Syro
1187 1938 1257 1977 vel
1282 1938 1426 1977 Arabe
1453 1938 1630 1989 quodam
1659 1939 1851 1980 confectis
1877 1942 2118 1986 Aristotelis

89 2014 257 2056 nomine
284 2012 461 2053 haedum
503 2010 752 2050 circumlatis
777 2009 895 2050 libris
920 2008 1026 2057 istis,
1056 2008 1286 2049 doctrinam
1312 2010 1497 2063 spuriam
1525 2018 1566 2050 et
1592 2011 1882 2065 interpolatam
1908 2016 1960 2055 de
1983 2020 2112 2071 plan-

91 2089 164 2135 tis,
220 2087 293 2127 diu
321 2088 431 2127 male
458 2099 535 2140 pro
561 2085 636 2125 sua
672 2097 756 2123 esse
782 2083 1057 2132 venditatam,
1113 2084 1371 2137 Albertoque
1398 2084 1553 2138 Magno
1587 2085 1778 2139 inprimis
1812 2087 1939 2128 fusius
1974 2090 2113 2132 inter-

89 2167 282 2215 pretante
293 2188 307 2207 ,
367 2174 508 2200 omnes
542 2158 631 2198 fere
652 2158 780 2197 medii
816 2157 909 2197 aevi
943 2157 1123 2197 eruditos
1158 2158 1374 2211 decepisse.
1427 2159 1587 2199 Notum
1615 2158 1659 2210 5)
1694 2167 1770 2207 est,
1798 2163 1960 2203 saeculo
1985 2163 2111 2205 XVI.

88 2241 309 2288 postquam
334 2234 432 2273 istos
458 2240 647 2272 centones
673 2246 697 2272 e
721 2232 821 2272 locis
848 2232 1090 2284 quibusdam
1116 2231 1354 2271 Aristotelis
1382 2231 1542 2285 filisque
1579 2246 1604 2272 e
1628 2234 1806 2274 textrina
1833 2235 2111 2292 Theophrasti

91 2308 283 2346 extractis
314 2308 425 2347 male
449 2307 525 2346 sub
540 2306 777 2349 Aristotelis
802 2306 926 2346 titulo
951 2314 1162 2354 consutos,
1192 2300 1343 2346 rectius
1384 2306 1685 2359 dijudicaverat
1710 2308 1914 2361 Scaliger,
1942 2310 2113 2362 opinio—¹

89 2393 267 2431 nemque
297 2379 518 2432 pristinam
545 2380 665 2420 hosce
692 2393 790 2421 vere
807 2379 1091 2419 Aristotelicos
1119 2392 1216 2428 esse,
1245 2378 1473 2431 abjecerat,
1501 2380 1713 2420 scientiam
1740 2380 1973 2421 botanicam
1999 2395 2111 2437 proq

92 2454 185 2504 prio
222 2461 354 2492 marte
387 2454 515 2492 instar
553 2454 684 2492 validi
718 2453 997 2502 adolescentis,
1035 2453 1188 2493 relictis
1224 2452 1313 2491 fere
1340 2454 1604 2505 antiquorum
1632 2450 1817 2493 omnium
1842 2455 1988 2494 studiis
2015 2458 2114 2496 ani-

89 2537 238 2576 moque
274 2527 326 2566 ad
366 2533 555 2566 naturam
591 2526 803 2578 ipsamque
837 2527 1032 2566 vivarum
1057 2528 1295 2580 plantarum
1322 2527 1608 2566 collectionem
1647 2540 1854 2576 converso,
1884 2531 2108 2584 propriam

87 2598 310 2650 ingressam
340 2614 426 2639 esse
454 2599 566 2637 viam
595 2606 637 2636 et
647 2598 915 2638 Aristotelem
943 2600 993 2638 de
1017 2600 1168 2654 plantis
1194 2599 1458 2639 disserentem
1485 2600 1594 2639 haud
1620 2600 1768 2641 melius
1792 2601 2110 2656 intelligendum

85 2684 255 2712 curasse.
300 2673 390 2713 Nec
415 2686 662 2727 quemquam
688 2669 730 2725 4)
757 2671 910 2727 fugiet,
955 2682 1148 2724 nostrum
1172 2675 1381 2715 saeculum
1401 2673 1640 2715 Aristotelis
1665 2674 1910 2718 Botanicam
1935 2678 1981 2718 in
2005 2691 2104 2726 ana-3

1554 2745 1582 2793 1
