2287 3085
186 362 451 418 physicorum
491 362 685 410 (quorum
720 370 848 396 unum
895 355 1209 409 φαρμακδπωλην
1244 357 1400 397 ironice
1434 364 1591 397 veteres
1618 361 1806 399 nonnulli
1836 364 2060 412 vocavere)
2088 372 2191 404 esset

178 438 360 479 edoctus,
390 431 624 484 optimoque
652 436 692 470 et
719 431 889 482 proprio
916 430 1166 472 animalium
1193 432 1316 471 totius
1344 431 1453 471 orbis
1481 438 1693 472 ter-arum
1715 432 1854 472 studio
1883 440 2025 485 totque
2045 451 2189 478 rerum
2285 451 2287 453 ·

174 516 343 551 naturae
369 503 637 557 singularium
663 502 690 541 fi
707 509 948 557 ctorumque
977 506 1275 559 empiricorum
1303 520 1472 559 gnarus,
1520 505 1644 546 totius
1679 506 1825 561 mundi
1850 506 2051 547 sensibilis
2078 508 2186 553 ima·-
2267 449 2287 562 ᾗ

169 582 307 636 ginem
330 578 408 618 sibi
435 578 570 615 an1'mo
598 577 849 629 collegisset,
878 577 1068 632 haudque
1096 580 1225 618 secius
1253 580 1404 633 ingenii
1433 582 1623 620 acumine
1661 579 1795 618 clarus
1831 593 2051 632 rerumque
2085 581 2184 633 phi-

165 653 466 706 losophicarum
493 649 797 690 imbutissimus
825 652 911 703 jam
940 654 1096 705 pariter
1124 653 1234 692 orbis
1264 652 1533 705 intelligibilis
1571 653 1836 704 complexum
1872 653 1916 692 in
1942 659 2078 692 mente
2104 652 2186 692 sibi

167 730 469 780 praeparasset:
501 724 691 762 maxime
727 725 837 764 inter
876 739 1016 764 omnes
1046 725 1215 764 idoneus
1242 726 1322 765 fuit
1348 726 1398 764 ad
1426 722 1986 779 philosophiam‘naturalem
1998 725 2182 773 Ethicae,

161 797 314 835 realem
347 794 471 833 ideali
507 796 855 849 conjungendam,
909 796 1195 849 summamque
1247 798 1385 850 itaque
1423 811 1545 850 quam
1580 797 1839 835 Graecorum
1890 796 2103 848 ingenium
2136 796 2182 838 ,in

174 868 360 908 medium
386 869 639 920 poi-tulerat,
668 871 958 924 speculationis
983 870 1203 912 antithesin
1228 871 1273 911 in
1299 885 1342 911 se
1368 871 1458 925 ipso
1484 868 1844 911 reconciliandam.

1109 1047 1147 1099 g.
1199 1048 1237 1088 5.

2278 1107 2282 1117 ν
2281 1096 2283 1098 v
2278 1082 2281 1086 κ
2277 1072 2280 1076 ·
2269 769 2287 1065 ’Ἀτκᾏεᾎιιώὲξκὲὴω
2284 747 2287 762 M

358 1157 670 1211 Philosophiam
696 1157 933 1198 Aristotelis
959 1159 1004 1197 in
1030 1158 1268 1198 universum
1296 1162 1546 1212 spectantem
1572 1156 1716 1211 fugere
1750 1157 1912 1211 nequit,
1949 1158 2185 1200 doctrinam

171 1233 257 1285 ejus
282 1231 510 1270 Socraticae
533 1230 691 1282 pariter
716 1239 837 1282 atque
851 1231 1085 1269 Platonicae
1112 1230 1235 1268 fuisse
1252 1232 1495 1281 oppositam,
1535 1237 1574 1266 et
1611 1230 1719 1268 inter
1746 1240 1962 1282 utramque
1978 1232 2178 1282 mediamg

172 1317 350 1343 summos
376 1302 589 1354 utriusque
617 1300 774 1340 fructus
811 1302 889 1341 sibi
939 1302 1160 1353 collegisse.
1223 1301 1393 1351 Jamque
1427 1301 1471 1339 in
1498 1301 1652 1339 Ethicis
1678 1302 1837 1340 Socrati
1864 1302 1908 1340 in
1935 1316 1984 1340 eo
2011 1309 2178 1346 contra-‚

167 1376 276 1423 rius,
305 1374 413 1427 quod
441 1374 513 1412 ille
542 1387 567 1412 a
594 1388 756 1413 summo
784 1374 977 1422 numine,
1006 1375 1145 1427 legum
1170 1373 1416 1421 moralium,
1443 1373 1506 1411 sui
1533 1374 1658 1426 ipsius
1685 1375 1962 1427 recognitione
1990 1388 2177 1414 necessa·-

171 1449 237 1488 rio
265 1445 532 1486 inventorum
559 1453 725 1485 auctore
752 1454 793 1484 et
819 1454 1036 1486 executore
1062 1445 1337 1499 proficiscens,
1366 1445 1608 1497 eupraxiam
1634 1446 1811 1485 hominis
1837 1448 2030 1487 ultimum
2049 1447 2175 1489 finem

168 1518 318 1567 faciat,
371 1531 548 1570 quacum
575 1518 845 1556 eudaemonia
871 1519 1017 1557 intime
1044 1520 1279 1571 conjuncta,
1340 1517 1512 1557 minime
1539 1530 1640 1555 vero
1669 1533 1878 1559 summum
1904 1520 2059 1559 bonum
2084 1520 2173 1573 ipsa
2270 1527 2287 1539 ““

169 1592 236 1631 sit.
290 1591 506 1631 Aristoteli
552 1597 693 1630 contra
716 1591 997 1630 -eudaemonia
1031 1592 1184 1639 ethica,
1237 1590 1323 1629 eive
1358 1603 1519 1628 summa
1546 1590 1675 1629 animi
1701 1591 1774 1630 illa
1800 1605 1853 1632 ex
1878 1592 2176 1631 honestissimis

169 1665 279 1703 vitae
306 1663 452 1702 virtuti
479 1663 639 1702 deditae
666 1664 895 1703 actionibus
923 1664 1097 1702 oriunda
1124 1664 1295 1702 felicitas
1322 1670 1362 1702 et
1390 1662 1629 1710 delectatio,
1672 1677 1833 1701 summa
1859 1664 1949 1702 finis
1976 1665 2086 1715 ipsa,
2126 1654 2196 1703 in³

169 1736 275 1777 reali
302 1736 439 1789 aliquo
466 1735 627 1785 medio,
657 1735 911 1775 libertate
938 1725 1263 1790 intelligentique
1289 1735 1436 1776 mentis
1462 1735 1550 1774 sola
1576 1731 1869 1789 recuperanda,
1896 1743 1967 1776 est.
1994 1736 2166 1776 Realem

167 1809 248 1847 hoc
281 1816 398 1860 pacto
427 1808 595 1846 Ethicae
631 1807 788 1846 fontem
816 1817 855 1847 et
883 1808 1005 1847 finem
1033 1817 1274 1861 agnoscens,
1327 1809 1483 1860 pariter
1509 1808 1670 1847 Platoni
1697 1808 1741 1846 in
1768 1809 1888 1846 rebus
1914 1792 2092 1861 physicis
2119 1822 2168 1847 eo

166 1879 411 1926 contrarius,
441 1880 550 1931 quod
577 1881 692 1918 omni
718 1893 790 1918 sua
818 1878 1075 1931 philosophia
1103 1879 1147 1916 in
1173 1878 1329 1915 realem
1356 1879 1573 1915 veritatem
1601 1880 1762 1927 tendat,
1782 1880 1913 1917 reales
1938 1894 2039 1934 quos
2057 1880 2167 1922 solos

165 1952 357 1991 scientiae
382 1949 518 1987 fontes
549 1951 754 1986 admittat.
816 1947 970 1984 Omnes
998 1949 1112 1984 enim
1138 1948 1325 1984 notiones
1350 1947 1419 1982 vet
1443 1959 1622 1982 summas
1658 1947 1765 1996 ipsas
1797 1951 1968 1985 rationis
2003 1955 2167 1991 extrin-

163 2039 275 2066 secus
289 2023 403 2062 datas
420 2020 694 2067 existimavit,
723 2014 1039 2071 immediateque
1055 2013 1163 2058 certa
1179 2019 1264 2057 sola
1283 2016 1536 2069 experientia
1562 2030 1678 2069 posse
1703 2018 1852 2071 accipi:
1880 2018 1979 2059 dum
2004 2021 2190 2069 Platoni·.
2271 2028 2287 2070 ξ

160 2111 275 2138 mens
301 2095 407 2142 sola,
440 2093 639 2145 ideaeque
671 2092 734 2131 illi
762 2092 949 2138 innatae,
1004 2076 1197 2144 nullaque
1224 2091 1478 2144 experientia
1513 2091 1737 2130 abstractae
1762 2092 2002 2144 cognitionis
2028 2093 2162 2138 fontes

159 2167 437 2224 agnoscendae
473 2166 734 2206 videbantur.
796 2165 977 2204 Mundus
1003 2165 1089 2216 ipse
1124 2172 1204 2212 est,
1257 2165 1327 2215 qui
1362 2164 1584 2203 secundum
1619 2165 1884 2204 Aristotelem
1911 2168 2091 2207 sensibus
2118 2176 2161 2207 et

154 2241 386 2286 intellectui
413 2239 570 2280 formas
599 2240 785 2292 legesque
812 2238 1003 2290 praebet,
1042 2250 1118 2291 per
1145 2251 1241 2289 quas
1268 2243 1361 2276 actu
1387 2236 1670 2290 intelligibilis,
1714 2245 1753 2278 et
1778 2239 1820 2279 in
1848 2254 1926 2293 qua
1948 2254 1993 2280 re
2021 2242 2159 2294 operis
2258 2266 2287 2301 ,ξ

154 2316 308 2358 rationi
336 2315 397 2353 nil
425 2320 499 2361 est,
527 2312 607 2351 nisi
635 2318 680 2350 ut
705 2311 929 2351 secundum
954 2312 1064 2363 leges
1091 2311 1241 2364 logicas
1274 2323 1389 2349 sensa
1413 2318 1572 2362 separet
1598 2312 1664 2349 vel
1690 2313 1906 2353 combinet.
1944 2301 2057 2366 Quas
2085 2327 2157 2358 caz-
2261 2297 2287 2392 ᾖ

155 2391 331 2443 tegorias
366 2399 596 2438 earumque
628 2383 996 2425 combinandarum
1023 2385 1155 2437 leges,
1190 2398 1283 2424 cum
1310 2383 1552 2424 Aristoteles
1577 2383 1621 2423 in
1647 2385 1733 2439 ipsa
1759 2401 1898 2428 rerum
1924 2395 2072 2427 natura
2096 2387 2158 2435 εἰ-,ι
2263 2388 2287 2455 {v

155 2468 215 2500 tas
240 2469 427 2513 putaret,
455 2461 621 2500 nullum
648 2460 758 2499 inter
784 2458 1074 2512 cogitationem
1110 2465 1150 2496 et
1185 2457 1459 2510 cognitionem
1493 2465 1751 2511 mentemque
1777 2459 1961 2499 absolute
1986 2473 2011 2497 a
2035 2459 2159 2499 rebus
2272 2478 2287 2501 κ

159 2517 348 2574 externis
364 2534 684 2575 determinatam
711 2533 853 2572 statuit
881 2532 1181 2581 differentiam3
1222 2530 1279 2568 ita
1313 2537 1358 2568 ut
1384 2537 1557 2578 constet,
1594 2531 1897 2586 philosophiam
1917 2531 2156 2573 Aristotelis
2268 2516 2287 2578 ἷῗς

153 2606 301 2661 primis
328 2604 504 2647 fontibus
530 2609 618 2662 jam
645 2606 889 2662 empiricam
916 2604 1063 2657 fuisse,
1117 2611 1157 2645 et
1184 2602 1441 2644 Realismum
1473 2603 1637 2657 quidem
1663 2605 1909 2647 rationalem
1933 2605 2153 2662 perfectis-3·
2256 2572 2287 2698 ᾗ

149 2680 303 2720 simum
330 2678 571 2721 exhibuisse.
2272 2693 2287 2744 ξ
