2287 3085
168 163 215 230 x6

179 329 425 380 conjunctae,
450 332 541 377 post
567 323 674 362 bella
702 320 858 374 persica
893 326 1059 359 auctore
1086 319 1269 359 Osthane
1295 319 1486 373 quodam,
1514 319 1719 360 referente
1755 319 1893 360 Plinio
1932 323 2050 374 (Hist
2073 323 2174 368 Nat.

179 401 270 442 Lib.
295 396 441 437 XXX.
469 412 501 436 c.
537 398 589 447 ι.)
632 395 733 435 adeo
769 393 1002 451 divulgatae
1029 381 1147 443 suni,
1182 403 1228 433 ut
1254 394 1598 434 Rhizotomorum
1624 395 1769 434 deinde
1795 395 2013 435 hominum
2049 407 2175 449 genus

179 471 415 525 mysterioso
443 471 552 509 cultu
579 467 821 521 vegetabilia
849 465 1151 506 exfodientinm
1166 497 1179 516 ,
1253 467 1383 507 indies
1410 465 1583 507 numero
1612 475 1832 517 cresceret,
1875 481 2176 521 numerumque

178 546 310 598 ipsum
335 545 566 596 plantarum
593 541 848 592 cognitarum
875 540 1058 579 maxime
1086 548 1264 593 augeret.
1343 540 1481 593 Quid?
1536 543 1646 594 quod
1673 543 1745 581 hos
1781 542 1889 581 inter
1915 541 2022 594 ipsos
2056 547 2175 580 aucto

176 631 269 657 cum
296 617 443 671 plantis
467 614 710 654 commercio
737 620 823 651 tam
850 627 965 653 sacro
996 628 1118 666 quam
1145 614 1346 667 profano,
1383 614 1590 655 interioris
1618 616 1816 668 quaedam
1844 615 1993 654 indolis
2010 622 2050 654 et
2065 615 2175 654 vitae

177 690 463 742 vegetabilium
489 687 716 726 observatio
744 687 930 734 emersit,
978 700 1057 738 qua
1083 688 1316 735 Meneslor,
1366 687 1592 734 Cha—mus,
1629 688 1800 740 Hippon
1829 687 1980 739 aliique
2007 686 2180 733 Aristo-5

177 765 265 806 telis
292 772 474 816 tempore
500 762 747 812 excelluere,
762 756 990 813 ”studioque
1015 762 1254 814 plantarum
1280 762 1428 801 melius
1462 761 1616 800 directo
1644 761 1758 800 viam
1782 746 2007 800 riiunivere.

1099 891 1135 940 ς.
1190 903 1227 928 2.

360 981 632 1022 Scientificam
660 995 759 1021 vero
787 982 957 1021 omnino
984 982 1101 1021 illam
1127 984 1363 1035 plantarum
1400 996 1592 1023 vocamus
1629 983 2043 1036 contemplationem,
2072 992 2176 1033 quae

177 1063 389 1109 postquam
417 1070 441 1093 a
475 1055 672 1106 religione
699 1056 837 1105 prima
858 1056 1049 1105 physicae
1084 1057 1284 1092 elementa
1318 1069 1402 1091 sese
1435 1057 1718 1105 sejunxerant,
1753 1057 1796 1093 in
1834 1055 1982 1094 scholis
2020 1053 2170 1093 JOnlcls

180 1134 221 1165 et
253 1127 423 1174 Italicis,
477 1139 502 1164 a
536 1125 787 1177 philosophis
828 1123 1076 1163 tradebatur.
1145 1124 1376 1175 Quominus
1411 1131 1547 1163 autem
1581 1124 1699 1163 initio
1733 1123 1902 1177 physica
1930 1126 2124 1165 esoterica
2151 1138 2174 1164 a

180 1199 377 1250 religione
401 1198 632 1244 recedebat,
661 1210 764 1248 quae
791 1204 851 1234 tot
876 1197 1035 1248 plautas
1063 1196 1138 1233 diis
1166 1195 1398 1247 deabusque
1426 1196 1710 1243 consecrabat,
1741 1203 1802 1234 tot
1830 1197 1873 1235 in
1901 1198 2174 1238 sanctissimos

180 1285 271 1312 usus
297 1271 489 1319 vocabat,
518 1278 579 1310 tot
606 1284 682 1323 pro
708 1283 917 1309 sacrarum
944 1283 1087 1308 rerum
1112 1269 1308 1321 symbolis
1334 1268 1530 1315 habebat,
1559 1282 1607 1306 eo
1634 1269 1785 1319 majori
1813 1271 2060 1309 verecundia
2086 1272 2172 1321 jam

180 1343 413 1397 philosophi
447 1342 525 1396 ipsi
561 1341 766 1395 principio
803 1340 855 1379 ad
897 1340 1136 1394 plantarum
1171 1347 1360 1381 naturam
1395 1340 1728 1395 perscrutandam
1764 1341 2034 1393 accederunt,
2088 1341 2174 1384 imo

181 1417 290 1456 haud
323 1417 461 1456 minus
495 1416 737 1467 mysterioso
780 1416 891 1453 cultu
919 1415 1123 1465 prosecuti
1149 1422 1263 1463 sunt3
1316 1422 1362 1453 ut
1387 1415 1644 1466 Pythagorae
1670 1416 1737 1453 vel
1763 1415 1887 1466 ipsius
1914 1417 2174 1468 Empedoclis

183 1486 466 1527 etDemocriti
492 1486 681 1539 exemplo
708 1485 908 1525 videmus.
952 1485 1162 1538 Quamdiu
1190 1486 1313 1526 etiam
1339 1487 1595 1540 philosophia
1622 1488 1793 1528 summis
1821 1496 1978 1529 tantum
2006 1498 2177 1531 naturae

183 1569 224 1601 et
257 1561 412 1614 ingenii
455 1560 779 1613 problematibus
818 1559 1022 1598 solvendis
1058 1560 1275 1607 studebat,
1331 1559 1765 1612 disceptationibusque
1812 1563 2176 1602 universalioribus

181 1635 415 1681 tenebatur,
444 1646 519 1672 nec
544 1633 766 1686 singularia
784 1640 957 1671 naturae
974 1632 1210 1685 vegetabilis
1236 1632 1278 1671 in
1305 1632 1487 1672 medium
1515 1631 1694 1685 proferri
1722 1641 1933 1686 poterant3
1962 1637 2174 1687 omnisque

185 1707 288 1746 adeo
312 1707 479 1745 scientia
506 1706 550 1744 in
576 1719 718 1745 rerum
753 1705 1061 1744 universitatem
1097 1712 1136 1743 et
1172 1704 1431 1756 complexum
1466 1705 1675 1753 tendebat,
1728 1714 1783 1744 ut·
1807 1702 1967 1759 singula
2006 1715 2175 1746 naturae

183 1779 342 1831 objecta
385 1778 602 1817 discretam
650 1778 1006 1830 investigationem
1048 1777 1284 1829 neutiquam
1328 1778 1406 1817 sibi
1450 1779 1660 1818 vindicare
1695 1787 1869 1831 possent.
1925 1779 2020 1831 Quo
2047 1781 2177 1832 magis

184 1859 318 1889 autem
334 1850 594 1901 philosophia
610 1851 807 1886 naturalis
826 1864 849 1884 a
866 1850 1064 1897 reh'gione
1078 1856 1118 1884 et
1132 1850 1245 1897 poesi
1271 1851 1550 1897 separabatur,
1571 1852 1636 1885 vel
1655 1852 1741 1897 ipsa
1761 1852 1841 1886 illis
1860 1851 2181 1901 quodammodo,¹

183 1923 283 1963 ideis
308 1922 444 1961 minus
472 1934 595 1971 quam
621 1920 741 1957 rebus
774 1918 974 1968 spectati-⁴1,
1002 1923 1300 1968 opponeretur,
1327 1917 1550 1968 singularia
1576 1917 1706 1968 magis
1733 1925 1772 1955 et
1797 1921 1961 1970 plantae
1986 1934 2178 1972 praeser-

168 1997 259 2034 -tim
289 1992 558 2031 attentionem
594 1990 645 2027 ad
682 2002 722 2026 se
749 1988 1062 2026 transtulerant:
1095 1994 1190 2025 tunc
1216 2000 1315 2026 vero
1342 1988 1511 2039 jamjam
1540 2001 1642 2038 quae
1669 1988 1718 2026 de
1743 1989 1882 2041 planta
1909 1992 2055 2031 melius
2080 2007 2178 2047 per-

182 2073 321 2122 specta
346 2072 486 2114 erant,
517 2063 568 2102 ad
596 2062 807 2115 regionem
834 2059 1027 2113 physicae
1053 2066 1092 2098 et
1118 2060 1399 2113 philosophiae
1425 2060 1629 2113 pertinere
1657 2061 1921 2111 videbantus,
1950 2079 2023 2104 nec
2050 2067 2100 2105 ab
2119 2068 2177 2107 il-

182 2142 244 2188 la,
274 2139 369 2190 quia
396 2152 449 2177 ne
476 2137 675 2175 minimus
702 2134 865 2185 quidem
894 2132 1034 2170 aderat
1060 2132 1281 2183 impulsus,
1322 2133 1428 2171 solvi
1453 2139 1653 2184 poterant.
1716 2134 1855 2186 Itaque
1882 2136 1989 2175 inter
2014 2140 2175 2190 reliqua

177 2212 350 2266 physica
375 2209 637 2264 problemata
662 2205 953 2259 Empedocles,
981 2204 1272 2257 Anaxagoras,
1298 2205 1577 2253 Democritus,
1606 2205 1776 2261 denjque
1801 2208 1917 2248 Plato
1945 2209 1995 2249 de
2020 2212 2173 2264 plantis

179 2286 305 2324 etiam
331 2281 612 2337 philosophati
638 2287 752 2327 sunt,
808 2285 848 2316 et
879 2290 1040 2315 summa
1076 2277 1245 2317 omuino
1278 2278 1443 2329 quidem
1478 2279 1566 2317 veri
1593 2278 1842 2319 divinatione
1869 2281 1978 2334 (cum
2006 2281 2176 2328 fortasse

180 2365 349 2398 naturae
376 2355 493 2395 omni
520 2355 599 2407 ipsi
628 2359 757 2392 essent
782 2350 1015 2404 propiores)
1041 2350 1277 2403 plantarum
1303 2357 1492 2389 naturam
1520 2363 1571 2389 ex
1597 2358 1713 2404 parte
1739 2353 1859 2393 altius
1873 2362 2170 2409 spectaverunt.

181 2431 377 2472 Attamen
421 2437 468 2470 ut
514 2427 701 2481 singulae
744 2425 822 2466 hae
875 2424 1111 2464 intuitiones
1160 2437 1255 2463 cum
1304 2424 1538 2477 plantarum
1587 2426 1761 2479 cognitio
1814 2428 1992 2481 angustis
2016 2443 2018 2445 ·
2044 2427 2174 2469 adhuc

182 2502 328 2543 finibus
368 2501 679 2554 circumscripta
725 2506 824 2539 esset
841 2527 852 2548 ,
908 2499 1254 2553 paucissimaeque
1297 2498 1544 2538 haberentur
1608 2499 1657 2553 de
1714 2501 1797 2541 illis
1859 2499 2176 2552 observationes,

180 2576 234 2616 ad
268 2575 491 2619 terminum
523 2575 729 2631 quendam
762 2574 1107 2630 perducerentur,
1158 2572 1227 2621 vel
1268 2571 1313 2615 iu
1354 2578 1488 2614 totum
1533 2574 1901 2629 conjungerentur,
1954 2574 2045 2618 fieri
2089 2588 2173 2617 non

179 2648 328 2705 potuit.
1765 2655 1777 2660 “
